Date,Description,Deposits,Withdrawls,Balance
20-Aug-2020,Interest,00.00,"4,893.98","39,151.80"
20-Aug-2020,Debit Card,00.00,"5,593.11","33,558.69"
20-Aug-2020,Reversal,00.00,"8,389.67","25,169.02"
20-Aug-2020,Reversal,343.29,00.00,"25,512.31"
21-Aug-2020,RTGS,00.00,"4,252.05","21,260.26"
21-Aug-2020,Miscellaneous,"1,103.00",00.00,"22,363.26"
21-Aug-2020,Tax,361.96,00.00,"22,725.22"
21-Aug-2020,Interest,"31,760.78",00.00,"54,486.00"
21-Aug-2020,Tax,"12,340.20",00.00,"66,826.20"
21-Aug-2020,Reversal,"4,060.41",00.00,"70,886.61"
21-Aug-2020,Cash,00.00,"35,443.31","35,443.30"
21-Aug-2020,ATM,00.00,"5,907.22","29,536.08"
21-Aug-2020,Transfer,"12,770.01",00.00,"42,306.09"
21-Aug-2020,ATM,"2,349.65",00.00,"44,655.74"
21-Aug-2020,Interest,329.60,00.00,"44,985.34"
21-Aug-2020,IMPS,00.00,"22,492.67","22,492.67"
21-Aug-2020,ATM,"25,794.30",00.00,"48,286.97"
21-Aug-2020,Cheque,483.00,00.00,"48,769.97"
21-Aug-2020,Miscellaneous,00.00,"48,769.97",00.00
21-Aug-2020,Tax,"1,110.00",00.00,"1,110.00"
21-Aug-2020,Bill,00.00,158.57,951.43
21-Aug-2020,Miscellaneous,00.00,118.93,832.50
21-Aug-2020,Bill,00.00,832.50,00.00
21-Aug-2020,Debit Card,"32,042.47",00.00,"32,042.47"
21-Aug-2020,Bill,00.00,"8,010.62","24,031.85"
21-Aug-2020,Cash,49.32,00.00,"24,081.17"
21-Aug-2020,Cash,"238,015.00",00.00,"262,096.17"
21-Aug-2020,NEFT,00.00,"87,365.39","174,730.78"
21-Aug-2020,ATM,00.00,"174,730.78",00.00
21-Aug-2020,RTGS,306.00,00.00,306.00
21-Aug-2020,Transfer,"2,118.30",00.00,"2,424.30"
21-Aug-2020,Reversal,"19,870.30",00.00,"22,294.60"
21-Aug-2020,Cash,00.00,"4,458.92","17,835.68"
21-Aug-2020,Transfer,"1,998,357.50",00.00,"2,016,193.18"
21-Aug-2020,ATM,"17,063.58",00.00,"2,033,256.76"
21-Aug-2020,Cash,00.00,"508,314.19","1,524,942.57"
21-Aug-2020,Reversal,00.00,"190,617.82","1,334,324.75"
21-Aug-2020,RTGS,00.00,"444,774.92","889,549.83"
21-Aug-2020,Reversal,62.55,00.00,"889,612.38"
21-Aug-2020,Bill,00.00,"177,922.48","711,689.90"
21-Aug-2020,IMPS,00.00,"88,961.24","622,728.66"
21-Aug-2020,ATM,"7,240.70",00.00,"629,969.36"
21-Aug-2020,Reversal,00.00,"69,996.60","559,972.76"
21-Aug-2020,Interest,00.00,"79,996.11","479,976.65"
21-Aug-2020,Cheque,00.40,00.00,"479,977.05"
21-Aug-2020,Miscellaneous,00.00,"239,988.53","239,988.52"
21-Aug-2020,IMPS,00.00,"39,998.09","199,990.43"
21-Aug-2020,Cash,00.00,"66,663.48","133,326.95"
21-Aug-2020,Cash,00.00,"33,331.74","99,995.21"
21-Aug-2020,RTGS,"18,195.02",00.00,"118,190.23"
21-Aug-2020,NEFT,"25,126.77",00.00,"143,317.00"
21-Aug-2020,Transfer,"1,429.21",00.00,"144,746.21"
21-Aug-2020,IMPS,"2,030.70",00.00,"146,776.91"
21-Aug-2020,Transfer,00.00,"18,347.11","128,429.80"
21-Aug-2020,Miscellaneous,00.00,"18,347.11","110,082.69"
21-Aug-2020,Reversal,"3,090.70",00.00,"113,173.39"
21-Aug-2020,Reversal,25.00,00.00,"113,198.39"
21-Aug-2020,Tax,"6,103.37",00.00,"119,301.76"
21-Aug-2020,RTGS,"12,421.40",00.00,"131,723.16"
21-Aug-2020,IMPS,21.13,00.00,"131,744.29"
21-Aug-2020,Bill,59.50,00.00,"131,803.79"
21-Aug-2020,Cheque,45.91,00.00,"131,849.70"
21-Aug-2020,IMPS,"1,765,658.00",00.00,"1,897,507.70"
21-Aug-2020,Interest,"597,100.00",00.00,"2,494,607.70"
21-Aug-2020,NEFT,00.00,"831,535.90","1,663,071.80"
21-Aug-2020,Interest,00.00,"277,178.63","1,385,893.17"
21-Aug-2020,Commission,00.00,"138,589.32","1,247,303.85"
21-Aug-2020,Debit Card,00.00,"207,883.98","1,039,419.88"
21-Aug-2020,Cheque,218.00,00.00,"1,039,637.88"
21-Aug-2020,Interest,00.00,"1,039,637.88",00.00
21-Aug-2020,RTGS,00.60,00.00,00.60
21-Aug-2020,Miscellaneous,"440,802.00",00.00,"440,802.60"
21-Aug-2020,IMPS,"2,935.62",00.00,"443,738.22"
21-Aug-2020,Cheque,04.10,00.00,"443,742.32"
21-Aug-2020,Reversal,"29,184.60",00.00,"472,926.92"
21-Aug-2020,Cheque,"1,697,037.00",00.00,"2,169,963.92"
21-Aug-2020,Transfer,00.00,"542,490.98","1,627,472.94"
21-Aug-2020,Cheque,45.00,00.00,"1,627,517.94"
21-Aug-2020,Bill,00.00,"325,503.59","1,302,014.35"
21-Aug-2020,Tax,00.00,"651,007.18","651,007.18"
21-Aug-2020,Debit Card,"177,368.47",00.00,"828,375.65"
21-Aug-2020,Debit Card,00.00,"82,837.57","745,538.08"
21-Aug-2020,Cash,00.00,"745,538.08",00.00
21-Aug-2020,Commission,113.00,00.00,113.00
21-Aug-2020,Debit Card,"37,934.84",00.00,"38,047.84"
21-Aug-2020,Debit Card,"28,479.00",00.00,"66,526.84"
21-Aug-2020,Cheque,00.00,"13,305.37","53,221.47"
21-Aug-2020,Purchase,00.00,"26,610.74","26,610.74"
21-Aug-2020,Reversal,00.00,"6,652.69","19,958.06"
21-Aug-2020,Commission,19.00,00.00,"19,977.06"
22-Aug-2020,Purchase,00.00,"3,995.41","15,981.65"
23-Aug-2020,Bill,02.30,00.00,"15,983.95"
23-Aug-2020,IMPS,00.00,"1,997.99","13,985.96"
23-Aug-2020,Cash,00.00,"4,661.99","9,323.97"
23-Aug-2020,Tax,00.00,"1,554.00","7,769.98"
23-Aug-2020,Debit Card,02.30,00.00,"7,772.28"
23-Aug-2020,Transfer,00.00,"3,886.14","3,886.14"
23-Aug-2020,Cheque,00.00,971.54,"2,914.60"
23-Aug-2020,Purchase,00.00,728.65,"2,185.95"
23-Aug-2020,Commission,"213,317.90",00.00,"215,503.85"
23-Aug-2020,Interest,00.00,"71,834.62","143,669.23"
23-Aug-2020,RTGS,"51,040.06",00.00,"194,709.29"
23-Aug-2020,IMPS,00.00,"24,338.66","170,370.63"
23-Aug-2020,Purchase,"31,938.91",00.00,"202,309.54"
23-Aug-2020,RTGS,00.00,"22,478.84","179,830.70"
23-Aug-2020,ATM,00.00,"25,690.10","154,140.60"
23-Aug-2020,Cheque,00.00,"77,070.30","77,070.30"
23-Aug-2020,Miscellaneous,00.00,"8,563.37","68,506.93"
23-Aug-2020,Interest,00.00,"6,850.69","61,656.24"
23-Aug-2020,IMPS,"52,426.80",00.00,"114,083.04"
23-Aug-2020,ATM,11.52,00.00,"114,094.56"
23-Aug-2020,Miscellaneous,"1,879,728.00",00.00,"1,993,822.56"
23-Aug-2020,Debit Card,26.20,00.00,"1,993,848.76"
23-Aug-2020,Commission,"3,153.70",00.00,"1,997,002.46"
23-Aug-2020,Miscellaneous,00.00,"249,625.31","1,747,377.15"
23-Aug-2020,Miscellaneous,00.00,"249,625.31","1,497,751.84"
23-Aug-2020,Reversal,"86,449.80",00.00,"1,584,201.64"
23-Aug-2020,Debit Card,"27,008.70",00.00,"1,611,210.34"
23-Aug-2020,Commission,00.00,"805,605.17","805,605.17"
23-Aug-2020,Commission,497.20,00.00,"806,102.37"
24-Aug-2020,NEFT,"1,966,561.80",00.00,"2,772,664.17"
24-Aug-2020,Bill,00.57,00.00,"2,772,664.74"
25-Aug-2020,ATM,00.00,"2,772,664.74",00.00
25-Aug-2020,Reversal,"202,554.12",00.00,"202,554.12"
25-Aug-2020,ATM,00.00,"50,638.53","151,915.59"
25-Aug-2020,NEFT,"1,935,490.50",00.00,"2,087,406.09"
25-Aug-2020,Commission,00.00,"417,481.22","1,669,924.87"
25-Aug-2020,Reversal,00.00,"417,481.22","1,252,443.65"
25-Aug-2020,RTGS,00.00,"125,244.37","1,127,199.28"
25-Aug-2020,Interest,00.00,"112,719.93","1,014,479.35"
25-Aug-2020,Debit Card,00.00,"202,895.87","811,583.48"
25-Aug-2020,Debit Card,00.00,"811,583.48",00.00
25-Aug-2020,Interest,503.16,00.00,503.16
25-Aug-2020,Cash,00.00,71.88,431.28
25-Aug-2020,Debit Card,06.00,00.00,437.28
25-Aug-2020,Debit Card,257.00,00.00,694.28
25-Aug-2020,RTGS,"20,014.00",00.00,"20,708.28"
25-Aug-2020,Cash,"70,086.40",00.00,"90,794.68"
25-Aug-2020,Cash,00.00,"22,698.67","68,096.01"
25-Aug-2020,ATM,"120,471.62",00.00,"188,567.63"
25-Aug-2020,Reversal,00.00,"26,938.23","161,629.40"
25-Aug-2020,RTGS,00.00,"53,876.47","107,752.93"
25-Aug-2020,Transfer,00.00,"26,938.23","80,814.70"
25-Aug-2020,Commission,00.00,"80,814.70",00.00
25-Aug-2020,ATM,21.48,00.00,21.48
25-Aug-2020,ATM,446.90,00.00,468.38
25-Aug-2020,Interest,"1,047,161.20",00.00,"1,047,629.58"
25-Aug-2020,Debit Card,02.77,00.00,"1,047,632.35"
25-Aug-2020,NEFT,00.00,"116,403.59","931,228.76"
25-Aug-2020,Tax,00.00,"232,807.19","698,421.57"
25-Aug-2020,Reversal,41.94,00.00,"698,463.51"
25-Aug-2020,Cash,00.00,"69,846.35","628,617.16"
25-Aug-2020,Transfer,"29,612.00",00.00,"658,229.16"
26-Aug-2020,Reversal,20.87,00.00,"658,250.03"
26-Aug-2020,NEFT,07.90,00.00,"658,257.93"
26-Aug-2020,Reversal,00.00,"219,419.31","438,838.62"
26-Aug-2020,Reversal,00.00,"109,709.66","329,128.96"
26-Aug-2020,IMPS,"30,187.00",00.00,"359,315.96"
26-Aug-2020,Cash,00.00,"179,657.98","179,657.98"
26-Aug-2020,Tax,17.34,00.00,"179,675.32"
26-Aug-2020,IMPS,00.00,"59,891.77","119,783.55"
26-Aug-2020,Purchase,"65,903.00",00.00,"185,686.55"
26-Aug-2020,IMPS,00.00,"185,686.55",00.00
26-Aug-2020,Commission,58.92,00.00,58.92
26-Aug-2020,Tax,03.03,00.00,61.95
26-Aug-2020,NEFT,00.00,06.20,55.76
26-Aug-2020,Bill,"29,121.10",00.00,"29,176.86"
26-Aug-2020,RTGS,"1,136,234.00",00.00,"1,165,410.86"
26-Aug-2020,Cheque,"3,536.72",00.00,"1,168,947.58"
26-Aug-2020,Cash,00.00,"389,649.19","779,298.39"
26-Aug-2020,RTGS,00.00,"389,649.20","389,649.20"
26-Aug-2020,Bill,00.00,"77,929.84","311,719.36"
26-Aug-2020,ATM,00.00,"155,859.68","155,859.68"
26-Aug-2020,NEFT,"28,972.00",00.00,"184,831.68"
26-Aug-2020,Bill,"29,169.00",00.00,"214,000.68"
26-Aug-2020,ATM,00.00,"53,500.17","160,500.51"
26-Aug-2020,Cheque,"6,672.20",00.00,"167,172.71"
26-Aug-2020,Cheque,62.27,00.00,"167,234.98"
26-Aug-2020,Purchase,00.00,"83,617.49","83,617.49"
26-Aug-2020,Cheque,00.00,"83,617.49",00.00
26-Aug-2020,Cheque,19.73,00.00,19.73
26-Aug-2020,Purchase,"67,355.56",00.00,"67,375.29"
26-Aug-2020,Miscellaneous,37.15,00.00,"67,412.44"
26-Aug-2020,ATM,05.90,00.00,"67,418.34"
26-Aug-2020,Tax,"262,018.20",00.00,"329,436.54"
26-Aug-2020,NEFT,00.00,"47,062.36","282,374.18"
26-Aug-2020,Purchase,00.00,"28,237.42","254,136.76"
26-Aug-2020,NEFT,"901,505.00",00.00,"1,155,641.76"
26-Aug-2020,Cheque,00.00,"165,091.68","990,550.08"
26-Aug-2020,RTGS,07.58,00.00,"990,557.66"
26-Aug-2020,NEFT,00.00,"165,092.94","825,464.72"
26-Aug-2020,NEFT,00.00,"103,183.09","722,281.63"
26-Aug-2020,Cash,00.00,"80,253.51","642,028.12"
27-Aug-2020,Debit Card,451.00,00.00,"642,479.12"
27-Aug-2020,Reversal,"1,870,301.00",00.00,"2,512,780.12"
27-Aug-2020,Tax,116.00,00.00,"2,512,896.12"
27-Aug-2020,RTGS,00.00,"1,256,448.06","1,256,448.06"
27-Aug-2020,Commission,00.00,"1,256,448.06",00.00
27-Aug-2020,RTGS,52.74,00.00,52.74
27-Aug-2020,IMPS,00.00,05.86,46.88
27-Aug-2020,Transfer,00.00,09.38,37.50
27-Aug-2020,Miscellaneous,"68,892.00",00.00,"68,929.50"
27-Aug-2020,Cheque,"14,714.05",00.00,"83,643.55"
27-Aug-2020,Commission,00.00,"13,940.59","69,702.96"
27-Aug-2020,Purchase,20.00,00.00,"69,722.96"
28-Aug-2020,Cash,"3,916.68",00.00,"73,639.64"
28-Aug-2020,Reversal,"1,642.00",00.00,"75,281.64"
28-Aug-2020,Tax,"2,824.60",00.00,"78,106.24"
28-Aug-2020,RTGS,00.00,"9,763.28","68,342.96"
28-Aug-2020,Debit Card,"214,959.00",00.00,"283,301.96"
28-Aug-2020,Transfer,00.00,"70,825.49","212,476.47"
28-Aug-2020,Purchase,"1,357,731.00",00.00,"1,570,207.47"
28-Aug-2020,Transfer,00.00,"224,315.35","1,345,892.12"
28-Aug-2020,RTGS,120.00,00.00,"1,346,012.12"
28-Aug-2020,Reversal,00.00,"168,251.52","1,177,760.60"
28-Aug-2020,Commission,00.00,"392,586.87","785,173.73"
28-Aug-2020,Debit Card,"255,653.20",00.00,"1,040,826.93"
28-Aug-2020,Bill,06.27,00.00,"1,040,833.20"
28-Aug-2020,Tax,05.87,00.00,"1,040,839.07"
28-Aug-2020,Miscellaneous,"221,529.00",00.00,"1,262,368.07"
29-Aug-2020,Tax,00.00,"140,263.12","1,122,104.95"
29-Aug-2020,Cash,00.00,"140,263.12","981,841.83"
29-Aug-2020,Debit Card,00.00,"245,460.46","736,381.37"
29-Aug-2020,Cash,"1,162,404.00",00.00,"1,898,785.37"
29-Aug-2020,Cash,276.00,00.00,"1,899,061.37"
29-Aug-2020,Cash,00.00,"271,294.48","1,627,766.89"
29-Aug-2020,RTGS,47.00,00.00,"1,627,813.89"
29-Aug-2020,Cash,45.00,00.00,"1,627,858.89"
29-Aug-2020,Interest,"320,226.75",00.00,"1,948,085.64"
29-Aug-2020,Commission,"161,676.06",00.00,"2,109,761.70"
29-Aug-2020,Bill,"11,221.88",00.00,"2,120,983.58"
29-Aug-2020,Cash,"41,859.20",00.00,"2,162,842.78"
29-Aug-2020,Cheque,"319,669.80",00.00,"2,482,512.58"
29-Aug-2020,Interest,00.00,"2,482,512.58",00.00
29-Aug-2020,Transfer,463.60,00.00,463.60
30-Aug-2020,Bill,00.00,92.72,370.88
30-Aug-2020,Purchase,"26,876.60",00.00,"27,247.48"
30-Aug-2020,Interest,"5,950.85",00.00,"33,198.33"
30-Aug-2020,Purchase,00.00,"4,742.62","28,455.71"
30-Aug-2020,Debit Card,00.00,"4,065.10","24,390.61"
30-Aug-2020,ATM,"3,141.00",00.00,"27,531.61"
30-Aug-2020,NEFT,"344,273.50",00.00,"371,805.11"
30-Aug-2020,Miscellaneous,00.00,"371,805.11",00.00
30-Aug-2020,NEFT,"24,213.92",00.00,"24,213.92"
30-Aug-2020,Commission,00.00,"4,842.78","19,371.14"
30-Aug-2020,NEFT,"1,734.20",00.00,"21,105.34"
30-Aug-2020,IMPS,00.00,"2,345.04","18,760.30"
30-Aug-2020,Cheque,231.00,00.00,"18,991.30"
30-Aug-2020,Cheque,00.00,"3,165.22","15,826.08"
30-Aug-2020,Tax,"118,247.50",00.00,"134,073.58"
30-Aug-2020,Purchase,00.00,"134,073.58",00.00
30-Aug-2020,Purchase,"3,366.10",00.00,"3,366.10"
30-Aug-2020,IMPS,00.00,374.01,"2,992.09"
30-Aug-2020,Commission,00.00,"2,992.09",00.00
30-Aug-2020,Interest,"90,773.28",00.00,"90,773.28"
30-Aug-2020,Reversal,"113,711.50",00.00,"204,484.78"
31-Aug-2020,Cheque,00.00,"204,484.78",00.00
31-Aug-2020,Transfer,"539,005.50",00.00,"539,005.50"
31-Aug-2020,Transfer,"1,290.53",00.00,"540,296.03"
31-Aug-2020,Commission,50.21,00.00,"540,346.24"
31-Aug-2020,NEFT,"1,035.92",00.00,"541,382.16"
31-Aug-2020,Cheque,"12,674.90",00.00,"554,057.06"
31-Aug-2020,Tax,00.00,"277,028.53","277,028.53"
31-Aug-2020,Purchase,00.00,"92,342.84","184,685.69"
31-Aug-2020,Cheque,"27,991.00",00.00,"212,676.69"
31-Aug-2020,Bill,"1,041,299.50",00.00,"1,253,976.19"
31-Aug-2020,Miscellaneous,00.00,"417,992.06","835,984.13"
31-Aug-2020,Tax,"78,877.00",00.00,"914,861.13"
31-Aug-2020,Transfer,"109,864.10",00.00,"1,024,725.23"
31-Aug-2020,Miscellaneous,"81,345.81",00.00,"1,106,071.04"
31-Aug-2020,IMPS,04.00,00.00,"1,106,075.04"
31-Aug-2020,IMPS,00.00,"553,037.52","553,037.52"
31-Aug-2020,Transfer,00.00,"55,303.75","497,733.77"
31-Aug-2020,Cheque,387.00,00.00,"498,120.77"
31-Aug-2020,Debit Card,00.00,"62,265.10","435,855.67"
01-Sep-2020,Transfer,509.70,00.00,"436,365.37"
01-Sep-2020,NEFT,00.00,"72,727.56","363,637.81"
01-Sep-2020,Bill,"1,892.90",00.00,"365,530.71"
02-Sep-2020,Debit Card,00.00,"52,218.67","313,312.04"
02-Sep-2020,Tax,00.00,"313,312.04",00.00
02-Sep-2020,ATM,36.20,00.00,36.20
02-Sep-2020,Cheque,00.00,12.07,24.13
02-Sep-2020,Interest,00.00,03.45,20.68
02-Sep-2020,Reversal,00.00,02.07,18.61
02-Sep-2020,Commission,00.00,06.20,12.41
02-Sep-2020,RTGS,"2,858.00",00.00,"2,870.41"
02-Sep-2020,Reversal,00.00,"1,435.21","1,435.20"
02-Sep-2020,Cash,01.11,00.00,"1,436.31"
02-Sep-2020,Debit Card,00.00,718.16,718.16
02-Sep-2020,Interest,"16,483.34",00.00,"17,201.50"
02-Sep-2020,Cheque,"101,077.00",00.00,"118,278.50"
02-Sep-2020,Tax,662.62,00.00,"118,941.12"
02-Sep-2020,Commission,00.00,"19,823.52","99,117.60"
02-Sep-2020,ATM,"257,296.50",00.00,"356,414.10"
02-Sep-2020,Cash,"33,621.03",00.00,"390,035.13"
02-Sep-2020,IMPS,"217,145.20",00.00,"607,180.33"
02-Sep-2020,Bill,"81,500.70",00.00,"688,681.03"
02-Sep-2020,NEFT,00.00,"229,560.34","459,120.69"
02-Sep-2020,Tax,"91,433.41",00.00,"550,554.10"
02-Sep-2020,Miscellaneous,00.00,"55,055.41","495,498.69"
02-Sep-2020,Interest,444.00,00.00,"495,942.69"
02-Sep-2020,Interest,00.00,"495,942.69",00.00
02-Sep-2020,Miscellaneous,284.90,00.00,284.90
02-Sep-2020,Reversal,"1,645,504.00",00.00,"1,645,788.90"
02-Sep-2020,Bill,"26,125.50",00.00,"1,671,914.40"
02-Sep-2020,IMPS,00.00,"417,978.60","1,253,935.80"
02-Sep-2020,IMPS,00.00,"313,483.95","940,451.85"
02-Sep-2020,Purchase,"2,269.00",00.00,"942,720.85"
02-Sep-2020,Debit Card,00.00,"134,674.41","808,046.44"
02-Sep-2020,NEFT,869.10,00.00,"808,915.54"
02-Sep-2020,Transfer,"3,526.48",00.00,"812,442.02"
02-Sep-2020,Cash,00.00,"81,244.20","731,197.82"
02-Sep-2020,IMPS,"1,429,617.75",00.00,"2,160,815.57"
03-Sep-2020,Tax,"5,122.37",00.00,"2,165,937.94"
03-Sep-2020,Debit Card,00.00,"541,484.49","1,624,453.46"
03-Sep-2020,Tax,33.38,00.00,"1,624,486.84"
04-Sep-2020,Reversal,"234,092.60",00.00,"1,858,579.44"
04-Sep-2020,Debit Card,02.70,00.00,"1,858,582.14"
05-Sep-2020,ATM,00.00,"265,511.73","1,593,070.41"
05-Sep-2020,Interest,"13,709.00",00.00,"1,606,779.41"
05-Sep-2020,Cash,"2,073.00",00.00,"1,608,852.41"
05-Sep-2020,NEFT,00.00,"804,426.21","804,426.20"
05-Sep-2020,RTGS,"2,848.12",00.00,"807,274.32"
05-Sep-2020,Bill,"21,116.00",00.00,"828,390.32"
05-Sep-2020,Debit Card,00.00,"138,065.05","690,325.27"
05-Sep-2020,Cheque,37.00,00.00,"690,362.27"
05-Sep-2020,Bill,00.00,"76,706.92","613,655.35"
05-Sep-2020,Interest,00.00,"87,665.05","525,990.30"
05-Sep-2020,Purchase,00.00,"175,330.10","350,660.20"
05-Sep-2020,RTGS,"3,967.00",00.00,"354,627.20"
05-Sep-2020,Reversal,00.00,"39,403.02","315,224.18"
05-Sep-2020,Transfer,494.00,00.00,"315,718.18"
05-Sep-2020,IMPS,00.00,"31,571.82","284,146.36"
05-Sep-2020,Transfer,00.00,"94,715.45","189,430.91"
05-Sep-2020,NEFT,00.00,"27,061.56","162,369.35"
05-Sep-2020,Tax,00.00,"40,592.34","121,777.01"
05-Sep-2020,Interest,00.00,"12,177.70","109,599.31"
05-Sep-2020,Reversal,00.00,"15,657.04","93,942.27"
05-Sep-2020,ATM,00.00,"15,657.05","78,285.23"
05-Sep-2020,Tax,00.00,"9,785.65","68,499.58"
05-Sep-2020,Debit Card,"166,982.84",00.00,"235,482.42"
05-Sep-2020,Transfer,00.00,"235,482.42",00.00
05-Sep-2020,Tax,"85,489.53",00.00,"85,489.53"
05-Sep-2020,Cheque,"115,681.75",00.00,"201,171.28"
05-Sep-2020,ATM,00.00,"28,738.75","172,432.53"
05-Sep-2020,Debit Card,00.00,"34,486.51","137,946.02"
05-Sep-2020,RTGS,00.00,"15,327.34","122,618.68"
05-Sep-2020,Tax,319.05,00.00,"122,937.73"
05-Sep-2020,NEFT,00.00,"20,489.62","102,448.11"
05-Sep-2020,Bill,"1,585,386.50",00.00,"1,687,834.61"
05-Sep-2020,Bill,"2,305.20",00.00,"1,690,139.81"
05-Sep-2020,Bill,00.00,"1,690,139.81",00.00
05-Sep-2020,Bill,"2,020,879.80",00.00,"2,020,879.80"
05-Sep-2020,RTGS,441.00,00.00,"2,021,320.80"
05-Sep-2020,Transfer,00.00,"202,132.08","1,819,188.72"
05-Sep-2020,RTGS,151.60,00.00,"1,819,340.32"
05-Sep-2020,Transfer,05.00,00.00,"1,819,345.32"
05-Sep-2020,Cash,00.00,"363,869.06","1,455,476.26"
05-Sep-2020,Miscellaneous,126.00,00.00,"1,455,602.26"
05-Sep-2020,NEFT,04.40,00.00,"1,455,606.66"
05-Sep-2020,Purchase,31.30,00.00,"1,455,637.96"
05-Sep-2020,Transfer,00.00,"242,606.33","1,213,031.63"
05-Sep-2020,RTGS,00.00,"242,606.33","970,425.30"
05-Sep-2020,Bill,00.00,"107,825.03","862,600.27"
05-Sep-2020,Interest,00.00,"215,650.07","646,950.20"
05-Sep-2020,IMPS,00.00,"92,421.46","554,528.74"
05-Sep-2020,Miscellaneous,00.00,"92,421.46","462,107.28"
05-Sep-2020,IMPS,00.00,"66,015.33","396,091.95"
05-Sep-2020,Debit Card,103.00,00.00,"396,194.95"
05-Sep-2020,Cash,00.00,"66,032.49","330,162.46"
05-Sep-2020,Purchase,00.00,"165,081.23","165,081.23"
05-Sep-2020,Transfer,279.00,00.00,"165,360.23"
05-Sep-2020,Transfer,56.89,00.00,"165,417.12"
05-Sep-2020,Bill,47.02,00.00,"165,464.14"
05-Sep-2020,Miscellaneous,"196,421.00",00.00,"361,885.14"
05-Sep-2020,NEFT,00.00,"90,471.29","271,413.86"
05-Sep-2020,Bill,00.00,"67,853.47","203,560.40"
05-Sep-2020,IMPS,00.00,"20,356.04","183,204.36"
05-Sep-2020,Cash,00.00,"20,356.04","162,848.32"
05-Sep-2020,Tax,"3,916.28",00.00,"166,764.60"
05-Sep-2020,Commission,"28,510.00",00.00,"195,274.60"
05-Sep-2020,Purchase,00.00,"24,409.33","170,865.28"
05-Sep-2020,Interest,00.00,"28,477.55","142,387.73"
06-Sep-2020,Commission,00.00,"17,798.47","124,589.26"
06-Sep-2020,RTGS,01.91,00.00,"124,591.17"
06-Sep-2020,Transfer,"992,989.50",00.00,"1,117,580.67"
06-Sep-2020,Cash,00.00,"1,117,580.67",00.00
06-Sep-2020,Transfer,"3,549.39",00.00,"3,549.39"
06-Sep-2020,Debit Card,00.00,507.06,"3,042.33"
06-Sep-2020,Miscellaneous,00.00,434.62,"2,607.71"
06-Sep-2020,NEFT,"1,949,296.25",00.00,"1,951,903.96"
06-Sep-2020,Reversal,723.20,00.00,"1,952,627.16"
07-Sep-2020,RTGS,05.68,00.00,"1,952,632.84"
08-Sep-2020,Purchase,43.44,00.00,"1,952,676.28"
08-Sep-2020,Transfer,"23,426.40",00.00,"1,976,102.68"
08-Sep-2020,Bill,"668,541.00",00.00,"2,644,643.68"
08-Sep-2020,Purchase,00.00,"293,849.30","2,350,794.38"
08-Sep-2020,Bill,00.00,"261,199.38","2,089,595.00"
08-Sep-2020,Interest,57.38,00.00,"2,089,652.38"
08-Sep-2020,Interest,00.00,"417,930.48","1,671,721.90"
08-Sep-2020,Bill,00.00,"238,817.41","1,432,904.49"
08-Sep-2020,Bill,303.00,00.00,"1,433,207.49"
08-Sep-2020,Debit Card,00.00,"159,245.28","1,273,962.21"
08-Sep-2020,Cash,"158,806.00",00.00,"1,432,768.21"
08-Sep-2020,Purchase,"3,569.20",00.00,"1,436,337.41"
08-Sep-2020,Interest,00.00,"1,436,337.41",00.00
08-Sep-2020,Purchase,07.00,00.00,07.00
08-Sep-2020,Reversal,03.00,00.00,10.00
08-Sep-2020,ATM,00.00,02.50,07.50
08-Sep-2020,Miscellaneous,00.00,01.50,06.00
08-Sep-2020,Commission,"7,091.49",00.00,"7,097.49"
08-Sep-2020,IMPS,17.00,00.00,"7,114.49"
09-Sep-2020,Cheque,"22,742.70",00.00,"29,857.19"
09-Sep-2020,Interest,"1,944,986.50",00.00,"1,974,843.69"
09-Sep-2020,Cash,"2,121.80",00.00,"1,976,965.49"
09-Sep-2020,Cheque,00.00,"658,988.50","1,317,976.99"
09-Sep-2020,Interest,00.00,"1,317,976.99",00.00
09-Sep-2020,Bill,"2,899.10",00.00,"2,899.10"
09-Sep-2020,Cash,"146,849.00",00.00,"149,748.10"
09-Sep-2020,Miscellaneous,"3,474.48",00.00,"153,222.58"
09-Sep-2020,NEFT,22.00,00.00,"153,244.58"
09-Sep-2020,Cash,00.00,"19,155.57","134,089.01"
09-Sep-2020,NEFT,00.00,"19,155.57","114,933.44"
09-Sep-2020,ATM,"83,365.20",00.00,"198,298.64"
09-Sep-2020,Transfer,351.50,00.00,"198,650.14"
09-Sep-2020,Reversal,505.15,00.00,"199,155.29"
09-Sep-2020,Cash,00.00,"49,788.82","149,366.47"
09-Sep-2020,Interest,"5,085.00",00.00,"154,451.47"
09-Sep-2020,Purchase,00.00,"77,225.74","77,225.74"
09-Sep-2020,RTGS,00.00,"9,653.22","67,572.52"
09-Sep-2020,Cash,04.40,00.00,"67,576.92"
09-Sep-2020,Purchase,194.95,00.00,"67,771.87"
09-Sep-2020,Miscellaneous,00.00,"67,771.87",00.00
09-Sep-2020,IMPS,43.00,00.00,43.00
10-Sep-2020,Tax,00.00,10.75,32.25
10-Sep-2020,Purchase,46.00,00.00,78.25
10-Sep-2020,RTGS,00.00,11.18,67.07
10-Sep-2020,ATM,00.00,09.58,57.49
10-Sep-2020,Debit Card,"15,389.00",00.00,"15,446.49"
10-Sep-2020,Bill,00.00,"3,861.62","11,584.87"
10-Sep-2020,Commission,"115,866.00",00.00,"127,450.87"
10-Sep-2020,Interest,00.00,"21,241.81","106,209.06"
10-Sep-2020,IMPS,00.00,"15,172.72","91,036.34"
10-Sep-2020,Purchase,00.00,"22,759.09","68,277.26"
10-Sep-2020,Transfer,"24,303.00",00.00,"92,580.26"
10-Sep-2020,Transfer,00.00,"46,290.13","46,290.13"
10-Sep-2020,NEFT,"23,303.00",00.00,"69,593.13"
10-Sep-2020,Debit Card,"75,986.00",00.00,"145,579.13"
10-Sep-2020,ATM,00.00,"48,526.38","97,052.75"
10-Sep-2020,Cheque,00.00,"24,263.19","72,789.56"
10-Sep-2020,Tax,"1,339.31",00.00,"74,128.87"
10-Sep-2020,Transfer,"25,050.00",00.00,"99,178.87"
10-Sep-2020,ATM,00.00,"19,835.77","79,343.10"
11-Sep-2020,Purchase,00.00,"13,223.85","66,119.25"
11-Sep-2020,Interest,02.00,00.00,"66,121.25"
11-Sep-2020,Transfer,"23,664.03",00.00,"89,785.28"
11-Sep-2020,Reversal,"43,915.70",00.00,"133,700.98"
11-Sep-2020,Commission,00.00,"19,100.14","114,600.84"
11-Sep-2020,NEFT,"13,160.40",00.00,"127,761.24"
11-Sep-2020,Bill,"3,212.70",00.00,"130,973.94"
12-Sep-2020,Purchase,"21,946.10",00.00,"152,920.04"
12-Sep-2020,Interest,00.00,"152,920.04",00.00
12-Sep-2020,Tax,"59,184.78",00.00,"59,184.78"
12-Sep-2020,Purchase,00.00,"19,728.26","39,456.52"
12-Sep-2020,Interest,00.00,"19,728.26","19,728.26"
12-Sep-2020,NEFT,"128,775.00",00.00,"148,503.26"
12-Sep-2020,Transfer,34.20,00.00,"148,537.46"
12-Sep-2020,ATM,00.00,"21,219.64","127,317.82"
12-Sep-2020,Bill,00.00,"42,439.27","84,878.55"
12-Sep-2020,Interest,00.00,"21,219.64","63,658.91"
12-Sep-2020,Bill,02.10,00.00,"63,661.01"
12-Sep-2020,ATM,56.46,00.00,"63,717.47"
13-Sep-2020,Debit Card,29.00,00.00,"63,746.47"
13-Sep-2020,Cash,557.70,00.00,"64,304.17"
13-Sep-2020,Commission,06.30,00.00,"64,310.47"
13-Sep-2020,Reversal,"27,648.00",00.00,"91,958.47"
13-Sep-2020,NEFT,"199,995.59",00.00,"291,954.06"
13-Sep-2020,Transfer,869.10,00.00,"292,823.16"
13-Sep-2020,ATM,00.00,"292,823.16",00.00
13-Sep-2020,Interest,45.00,00.00,45.00
13-Sep-2020,Bill,00.00,09.00,36.00
13-Sep-2020,ATM,00.00,36.00,00.00
13-Sep-2020,Debit Card,42.50,00.00,42.50
14-Sep-2020,Transfer,303.00,00.00,345.50
14-Sep-2020,Tax,44.53,00.00,390.03
14-Sep-2020,Debit Card,00.00,43.34,346.69
14-Sep-2020,Cash,"1,002,040.00",00.00,"1,002,386.69"
14-Sep-2020,Cheque,"36,443.00",00.00,"1,038,829.69"
15-Sep-2020,Reversal,57.82,00.00,"1,038,887.51"
15-Sep-2020,Miscellaneous,00.00,"103,888.75","934,998.76"
15-Sep-2020,RTGS,"241,371.40",00.00,"1,176,370.16"
15-Sep-2020,Debit Card,"235,232.60",00.00,"1,411,602.76"
15-Sep-2020,ATM,191.00,00.00,"1,411,793.76"
15-Sep-2020,Debit Card,"132,174.80",00.00,"1,543,968.56"
15-Sep-2020,IMPS,00.00,"220,566.94","1,323,401.62"
15-Sep-2020,RTGS,00.00,"147,044.62","1,176,357.00"
15-Sep-2020,Reversal,"1,499,899.80",00.00,"2,676,256.80"
15-Sep-2020,ATM,00.00,"297,361.87","2,378,894.93"
15-Sep-2020,Interest,00.00,"2,378,894.93",00.00
15-Sep-2020,ATM,"111,675.00",00.00,"111,675.00"
15-Sep-2020,Purchase,00.00,"27,918.75","83,756.25"
15-Sep-2020,Debit Card,00.00,"9,306.25","74,450.00"
15-Sep-2020,Bill,11.30,00.00,"74,461.30"
15-Sep-2020,RTGS,00.00,"8,273.48","66,187.82"
15-Sep-2020,Transfer,00.00,"33,093.91","33,093.91"
15-Sep-2020,Interest,"1,857,703.50",00.00,"1,890,797.41"
15-Sep-2020,Miscellaneous,00.00,"315,132.90","1,575,664.51"
15-Sep-2020,ATM,"1,263,601.00",00.00,"2,839,265.51"
15-Sep-2020,Purchase,00.00,"473,210.92","2,366,054.59"
15-Sep-2020,Purchase,00.00,"295,756.82","2,070,297.77"
15-Sep-2020,Reversal,00.00,"1,035,148.89","1,035,148.88"
15-Sep-2020,Tax,00.00,"517,574.44","517,574.44"
15-Sep-2020,Tax,00.00,"86,262.41","431,312.03"
15-Sep-2020,Tax,"168,583.70",00.00,"599,895.73"
15-Sep-2020,Cash,00.00,"99,982.62","499,913.11"
15-Sep-2020,Tax,00.00,"124,978.28","374,934.83"
15-Sep-2020,IMPS,"3,538.00",00.00,"378,472.83"
15-Sep-2020,Transfer,00.00,"94,618.21","283,854.62"
15-Sep-2020,Miscellaneous,508.60,00.00,"284,363.22"
16-Sep-2020,Debit Card,00.00,"71,090.81","213,272.41"
16-Sep-2020,Interest,41.24,00.00,"213,313.65"
16-Sep-2020,ATM,"3,335.00",00.00,"216,648.65"
16-Sep-2020,Interest,00.00,"27,081.08","189,567.57"
16-Sep-2020,Transfer,00.00,"47,391.89","142,175.68"
16-Sep-2020,IMPS,"3,117.00",00.00,"145,292.68"
16-Sep-2020,Cash,55.00,00.00,"145,347.68"
16-Sep-2020,ATM,326.20,00.00,"145,673.88"
16-Sep-2020,Debit Card,"30,470.62",00.00,"176,144.50"
16-Sep-2020,Cheque,00.00,"35,228.90","140,915.60"
17-Sep-2020,Reversal,194.40,00.00,"141,110.00"
17-Sep-2020,Interest,00.00,"17,638.75","123,471.25"
17-Sep-2020,ATM,00.00,"15,433.91","108,037.34"
17-Sep-2020,ATM,"202,841.00",00.00,"310,878.34"
17-Sep-2020,Cheque,"11,428.50",00.00,"322,306.84"
17-Sep-2020,Miscellaneous,00.00,"64,461.37","257,845.47"
17-Sep-2020,Cheque,07.43,00.00,"257,852.90"
17-Sep-2020,Cheque,00.00,"128,926.45","128,926.45"
17-Sep-2020,Purchase,04.56,00.00,"128,931.01"
17-Sep-2020,RTGS,04.59,00.00,"128,935.60"
17-Sep-2020,NEFT,"718,793.00",00.00,"847,728.60"
17-Sep-2020,Interest,05.81,00.00,"847,734.41"
17-Sep-2020,NEFT,00.00,"121,104.92","726,629.49"
17-Sep-2020,Transfer,00.00,"363,314.75","363,314.74"
17-Sep-2020,Tax,"126,626.50",00.00,"489,941.24"
17-Sep-2020,ATM,00.00,"244,970.62","244,970.62"
17-Sep-2020,ATM,443.00,00.00,"245,413.62"
17-Sep-2020,NEFT,288.20,00.00,"245,701.82"
17-Sep-2020,Tax,00.00,"30,712.73","214,989.09"
17-Sep-2020,Cheque,05.50,00.00,"214,994.59"
17-Sep-2020,Interest,00.00,"26,874.32","188,120.27"
17-Sep-2020,NEFT,04.73,00.00,"188,125.00"
17-Sep-2020,Transfer,00.09,00.00,"188,125.09"
17-Sep-2020,ATM,"4,591.00",00.00,"192,716.09"
17-Sep-2020,ATM,"4,083.80",00.00,"196,799.89"
18-Sep-2020,Interest,787.00,00.00,"197,586.89"
19-Sep-2020,Miscellaneous,00.00,"197,586.89",00.00
19-Sep-2020,Interest,08.00,00.00,08.00
19-Sep-2020,IMPS,444.00,00.00,452.00
19-Sep-2020,Reversal,"28,621.00",00.00,"29,073.00"
19-Sep-2020,ATM,00.00,"14,536.50","14,536.50"
19-Sep-2020,Cheque,00.00,"7,268.25","7,268.25"
19-Sep-2020,Transfer,"247,624.20",00.00,"254,892.45"
19-Sep-2020,Tax,914.00,00.00,"255,806.45"
19-Sep-2020,Miscellaneous,00.00,"42,634.41","213,172.04"
19-Sep-2020,ATM,00.00,"71,057.35","142,114.69"
19-Sep-2020,IMPS,"15,796.00",00.00,"157,910.69"
19-Sep-2020,Cash,00.00,"31,582.14","126,328.55"
19-Sep-2020,Commission,00.00,"12,632.86","113,695.70"
19-Sep-2020,Debit Card,00.00,"37,898.57","75,797.13"
19-Sep-2020,RTGS,"30,765.00",00.00,"106,562.13"
19-Sep-2020,Debit Card,43.00,00.00,"106,605.13"
19-Sep-2020,Commission,00.00,"11,845.01","94,760.12"
19-Sep-2020,RTGS,00.00,"47,380.06","47,380.06"
19-Sep-2020,Cheque,00.00,"9,476.01","37,904.05"
19-Sep-2020,Cash,52.96,00.00,"37,957.01"
19-Sep-2020,RTGS,00.00,"9,489.25","28,467.76"
19-Sep-2020,Reversal,"109,495.80",00.00,"137,963.56"
19-Sep-2020,Bill,"965,357.50",00.00,"1,103,321.06"
19-Sep-2020,RTGS,00.00,"137,915.13","965,405.93"
19-Sep-2020,Reversal,301.00,00.00,"965,706.93"
19-Sep-2020,Bill,00.00,"96,570.69","869,136.24"
19-Sep-2020,ATM,"2,008,104.50",00.00,"2,877,240.74"
19-Sep-2020,Miscellaneous,"6,080.00",00.00,"2,883,320.74"
19-Sep-2020,NEFT,"253,164.20",00.00,"3,136,484.94"
19-Sep-2020,Transfer,00.00,"1,568,242.47","1,568,242.47"
19-Sep-2020,Interest,00.00,"522,747.49","1,045,494.98"
19-Sep-2020,NEFT,"194,979.20",00.00,"1,240,474.18"
19-Sep-2020,Interest,00.00,"124,047.42","1,116,426.76"
19-Sep-2020,Transfer,00.00,"124,047.42","992,379.34"
19-Sep-2020,Tax,02.00,00.00,"992,381.34"
19-Sep-2020,ATM,"273,382.25",00.00,"1,265,763.59"
19-Sep-2020,Cash,24.30,00.00,"1,265,787.89"
19-Sep-2020,Bill,00.00,"253,157.58","1,012,630.31"
19-Sep-2020,Cash,00.00,"337,543.44","675,086.87"
19-Sep-2020,IMPS,22.00,00.00,"675,108.87"
19-Sep-2020,NEFT,00.00,"337,554.44","337,554.44"
19-Sep-2020,IMPS,00.00,"67,510.89","270,043.55"
19-Sep-2020,Tax,202.67,00.00,"270,246.22"
19-Sep-2020,Bill,274.30,00.00,"270,520.52"
19-Sep-2020,IMPS,"137,913.80",00.00,"408,434.32"
19-Sep-2020,Miscellaneous,00.00,"102,108.58","306,325.74"
19-Sep-2020,IMPS,380.00,00.00,"306,705.74"
19-Sep-2020,Interest,"18,441.74",00.00,"325,147.48"
19-Sep-2020,Purchase,"201,199.12",00.00,"526,346.60"
20-Sep-2020,Purchase,"2,393.00",00.00,"528,739.60"
20-Sep-2020,Bill,00.00,"264,369.80","264,369.80"
20-Sep-2020,Commission,448.00,00.00,"264,817.80"
20-Sep-2020,Reversal,"149,720.50",00.00,"414,538.30"
20-Sep-2020,RTGS,00.00,"414,538.30",00.00
20-Sep-2020,Tax,01.00,00.00,01.00
20-Sep-2020,Commission,00.00,00.10,00.90
20-Sep-2020,Transfer,04.73,00.00,05.63
20-Sep-2020,Bill,00.00,01.41,04.22
20-Sep-2020,Debit Card,00.00,00.60,03.62
21-Sep-2020,Reversal,19.29,00.00,22.91
21-Sep-2020,Reversal,"244,679.20",00.00,"244,702.11"
21-Sep-2020,Miscellaneous,"103,866.70",00.00,"348,568.81"
21-Sep-2020,Bill,149.00,00.00,"348,717.81"
21-Sep-2020,Debit Card,699.00,00.00,"349,416.81"
21-Sep-2020,Debit Card,"2,699.20",00.00,"352,116.01"
21-Sep-2020,Cheque,09.00,00.00,"352,125.01"
21-Sep-2020,Debit Card,06.76,00.00,"352,131.77"
21-Sep-2020,Miscellaneous,"41,359.78",00.00,"393,491.55"
21-Sep-2020,Bill,00.00,"131,163.85","262,327.70"
21-Sep-2020,RTGS,19.60,00.00,"262,347.30"
21-Sep-2020,Interest,00.00,"262,347.30",00.00
21-Sep-2020,RTGS,07.00,00.00,07.00
21-Sep-2020,Reversal,00.00,02.33,04.67
21-Sep-2020,Cash,00.00,01.56,03.11
21-Sep-2020,Reversal,00.00,00.62,02.49
21-Sep-2020,Cash,"163,292.53",00.00,"163,295.02"
21-Sep-2020,Bill,00.00,"27,215.84","136,079.18"
22-Sep-2020,ATM,00.00,"13,607.92","122,471.26"
22-Sep-2020,Reversal,"1,531,399.50",00.00,"1,653,870.76"
22-Sep-2020,Transfer,00.00,"1,653,870.76",00.00
22-Sep-2020,NEFT,61.00,00.00,61.00
22-Sep-2020,Tax,00.00,07.63,53.38
22-Sep-2020,Tax,00.00,17.79,35.59
22-Sep-2020,Transfer,04.00,00.00,39.59
22-Sep-2020,Purchase,00.00,04.40,35.19
22-Sep-2020,Interest,"1,808,871.75",00.00,"1,808,906.94"
22-Sep-2020,Transfer,00.00,"226,113.37","1,582,793.57"
22-Sep-2020,Miscellaneous,00.00,"158,279.36","1,424,514.21"
22-Sep-2020,Interest,"1,075,591.00",00.00,"2,500,105.21"
22-Sep-2020,Miscellaneous,00.00,"357,157.89","2,142,947.32"
22-Sep-2020,NEFT,236.00,00.00,"2,143,183.32"
22-Sep-2020,Interest,"1,577.60",00.00,"2,144,760.92"
22-Sep-2020,Cash,"173,986.20",00.00,"2,318,747.12"
22-Sep-2020,Commission,00.00,"331,249.59","1,987,497.53"
22-Sep-2020,Purchase,00.00,"198,749.75","1,788,747.78"
22-Sep-2020,Transfer,00.00,"894,373.89","894,373.89"
22-Sep-2020,Commission,08.00,00.00,"894,381.89"
22-Sep-2020,Purchase,00.00,"298,127.30","596,254.59"
22-Sep-2020,RTGS,03.00,00.00,"596,257.59"
22-Sep-2020,Interest,00.00,"74,532.20","521,725.39"
22-Sep-2020,RTGS,"1,324,296.00",00.00,"1,846,021.39"
22-Sep-2020,IMPS,"650,868.00",00.00,"2,496,889.39"
22-Sep-2020,Reversal,62.00,00.00,"2,496,951.39"
22-Sep-2020,Reversal,00.00,"499,390.28","1,997,561.11"
22-Sep-2020,RTGS,00.00,"285,365.87","1,712,195.24"
22-Sep-2020,Debit Card,16.30,00.00,"1,712,211.54"
22-Sep-2020,Bill,00.00,"342,442.31","1,369,769.23"
22-Sep-2020,RTGS,"1,712.74",00.00,"1,371,481.97"
22-Sep-2020,Debit Card,345.20,00.00,"1,371,827.17"
22-Sep-2020,Interest,753.90,00.00,"1,372,581.07"
22-Sep-2020,Commission,334.20,00.00,"1,372,915.27"
22-Sep-2020,Tax,00.00,"171,614.41","1,201,300.86"
22-Sep-2020,Tax,00.00,"600,650.43","600,650.43"
22-Sep-2020,Tax,"88,270.00",00.00,"688,920.43"
22-Sep-2020,Transfer,00.00,"86,115.05","602,805.38"
22-Sep-2020,Tax,00.00,"301,402.69","301,402.69"
22-Sep-2020,NEFT,"3,932.00",00.00,"305,334.69"
23-Sep-2020,RTGS,00.00,"101,778.23","203,556.46"
23-Sep-2020,Purchase,500.06,00.00,"204,056.52"
23-Sep-2020,Interest,00.00,"51,014.13","153,042.39"
23-Sep-2020,Reversal,01.00,00.00,"153,043.39"
23-Sep-2020,ATM,00.00,"21,863.34","131,180.05"
23-Sep-2020,IMPS,18.40,00.00,"131,198.45"
23-Sep-2020,NEFT,00.00,"14,577.61","116,620.84"
23-Sep-2020,Interest,"29,712.00",00.00,"146,332.84"
23-Sep-2020,ATM,00.00,"20,904.69","125,428.15"
23-Sep-2020,ATM,00.00,"13,936.46","111,491.69"
23-Sep-2020,Tax,"3,506.20",00.00,"114,997.89"
23-Sep-2020,Tax,43.40,00.00,"115,041.29"
23-Sep-2020,ATM,27.50,00.00,"115,068.79"
23-Sep-2020,RTGS,"913,542.00",00.00,"1,028,610.79"
24-Sep-2020,RTGS,00.00,"171,435.13","857,175.66"
24-Sep-2020,Interest,00.00,"428,587.83","428,587.83"
24-Sep-2020,Cheque,"537,996.00",00.00,"966,583.83"
24-Sep-2020,Cash,00.00,"483,291.92","483,291.92"
24-Sep-2020,ATM,00.00,"48,329.19","434,962.73"
24-Sep-2020,Reversal,"35,305.38",00.00,"470,268.11"
24-Sep-2020,NEFT,00.00,"117,567.03","352,701.08"
24-Sep-2020,Tax,06.00,00.00,"352,707.08"
24-Sep-2020,Tax,"2,750.00",00.00,"355,457.08"
24-Sep-2020,Reversal,00.00,"44,432.14","311,024.94"
24-Sep-2020,NEFT,00.00,"155,512.47","155,512.47"
24-Sep-2020,Miscellaneous,00.00,"51,837.49","103,674.98"
24-Sep-2020,RTGS,00.00,"17,279.16","86,395.82"
24-Sep-2020,Purchase,"32,513.00",00.00,"118,908.82"
24-Sep-2020,ATM,00.00,"59,454.41","59,454.41"
24-Sep-2020,IMPS,02.00,00.00,"59,456.41"
24-Sep-2020,Bill,00.00,"6,606.27","52,850.14"
24-Sep-2020,Commission,00.00,"7,550.02","45,300.12"
25-Sep-2020,IMPS,"1,976,343.80",00.00,"2,021,643.92"
25-Sep-2020,Reversal,00.00,"336,940.65","1,684,703.27"
25-Sep-2020,Reversal,305.68,00.00,"1,685,008.95"
25-Sep-2020,ATM,"238,903.00",00.00,"1,923,911.95"
25-Sep-2020,NEFT,00.00,"1,923,911.95",00.00
25-Sep-2020,Cheque,07.00,00.00,07.00
25-Sep-2020,NEFT,40.50,00.00,47.50
25-Sep-2020,Purchase,00.00,09.50,38.00
25-Sep-2020,Transfer,98.30,00.00,136.30
25-Sep-2020,Cash,"26,361.60",00.00,"26,497.90"
25-Sep-2020,Commission,493.50,00.00,"26,991.40"
25-Sep-2020,NEFT,00.00,"5,398.28","21,593.12"
25-Sep-2020,Reversal,"335,504.75",00.00,"357,097.87"
25-Sep-2020,Reversal,00.00,"35,709.79","321,388.08"
25-Sep-2020,Commission,00.00,"80,347.02","241,041.06"
25-Sep-2020,NEFT,"22,395.00",00.00,"263,436.06"
25-Sep-2020,IMPS,07.00,00.00,"263,443.06"
25-Sep-2020,ATM,00.00,"26,344.31","237,098.75"
25-Sep-2020,NEFT,"4,051.58",00.00,"241,150.33"
25-Sep-2020,Interest,"101,028.38",00.00,"342,178.71"
25-Sep-2020,RTGS,13.50,00.00,"342,192.21"
25-Sep-2020,Commission,15.00,00.00,"342,207.21"
25-Sep-2020,Tax,00.00,"171,103.61","171,103.60"
25-Sep-2020,RTGS,"97,829.75",00.00,"268,933.35"
25-Sep-2020,Purchase,02.01,00.00,"268,935.36"
25-Sep-2020,Transfer,02.41,00.00,"268,937.77"
25-Sep-2020,NEFT,00.00,"134,468.89","134,468.88"
25-Sep-2020,Tax,00.00,"33,617.22","100,851.66"
25-Sep-2020,Debit Card,00.00,"10,085.17","90,766.49"
25-Sep-2020,Cash,248.00,00.00,"91,014.49"
25-Sep-2020,Purchase,806.29,00.00,"91,820.78"
25-Sep-2020,Miscellaneous,"21,288.60",00.00,"113,109.38"
26-Sep-2020,Debit Card,"23,212.70",00.00,"136,322.08"
26-Sep-2020,Commission,02.10,00.00,"136,324.18"
26-Sep-2020,Cheque,47.70,00.00,"136,371.88"
26-Sep-2020,Cash,"1,200.00",00.00,"137,571.88"
26-Sep-2020,Miscellaneous,00.00,"22,928.65","114,643.23"
26-Sep-2020,NEFT,00.00,"12,738.14","101,905.09"
26-Sep-2020,RTGS,00.00,"10,190.51","91,714.58"
26-Sep-2020,Purchase,"1,952,154.00",00.00,"2,043,868.58"
26-Sep-2020,Miscellaneous,07.74,00.00,"2,043,876.32"
26-Sep-2020,Miscellaneous,00.00,"340,646.05","1,703,230.27"
26-Sep-2020,IMPS,"8,142.00",00.00,"1,711,372.27"
26-Sep-2020,Purchase,00.00,"855,686.14","855,686.14"
26-Sep-2020,ATM,00.00,"285,228.71","570,457.43"
26-Sep-2020,IMPS,00.00,"81,493.92","488,963.51"
26-Sep-2020,Purchase,00.00,"48,896.35","440,067.16"
26-Sep-2020,Tax,453.00,00.00,"440,520.16"
26-Sep-2020,Reversal,00.00,"44,052.02","396,468.14"
26-Sep-2020,Transfer,00.00,"132,156.05","264,312.09"
26-Sep-2020,Commission,"14,259.00",00.00,"278,571.09"
26-Sep-2020,Miscellaneous,12.00,00.00,"278,583.09"
26-Sep-2020,Bill,39.60,00.00,"278,622.69"
26-Sep-2020,Commission,04.00,00.00,"278,626.69"
26-Sep-2020,ATM,04.40,00.00,"278,631.09"
26-Sep-2020,Tax,00.00,"55,726.22","222,904.87"
26-Sep-2020,NEFT,"30,623.03",00.00,"253,527.90"
26-Sep-2020,Tax,00.00,"42,254.65","211,273.25"
26-Sep-2020,Tax,162.00,00.00,"211,435.25"
27-Sep-2020,Interest,00.00,"211,435.25",00.00
27-Sep-2020,Debit Card,33.10,00.00,33.10
27-Sep-2020,Transfer,00.00,11.03,22.07
27-Sep-2020,NEFT,00.00,05.52,16.55
27-Sep-2020,IMPS,00.00,02.07,14.48
27-Sep-2020,Bill,"611,911.80",00.00,"611,926.28"
27-Sep-2020,Debit Card,"27,579.96",00.00,"639,506.24"
27-Sep-2020,Debit Card,"323,213.25",00.00,"962,719.49"
28-Sep-2020,NEFT,00.00,"240,679.87","722,039.62"
28-Sep-2020,Commission,"17,531.00",00.00,"739,570.62"
28-Sep-2020,Interest,00.00,"739,570.62",00.00
28-Sep-2020,Bill,"3,446.30",00.00,"3,446.30"
28-Sep-2020,Bill,"55,566.25",00.00,"59,012.55"
28-Sep-2020,Tax,382.46,00.00,"59,395.01"
28-Sep-2020,Purchase,"1,980,691.50",00.00,"2,040,086.51"
28-Sep-2020,Commission,"120,550.00",00.00,"2,160,636.51"
28-Sep-2020,Debit Card,195.00,00.00,"2,160,831.51"
28-Sep-2020,Transfer,"108,888.09",00.00,"2,269,719.60"
28-Sep-2020,Interest,00.00,"756,573.20","1,513,146.40"
28-Sep-2020,Cash,06.56,00.00,"1,513,152.96"
28-Sep-2020,Interest,"2,196.20",00.00,"1,515,349.16"
28-Sep-2020,RTGS,00.00,"505,116.39","1,010,232.77"
28-Sep-2020,Purchase,00.00,"112,248.09","897,984.68"
28-Sep-2020,Bill,00.00,"89,798.47","808,186.21"
28-Sep-2020,Debit Card,"563,411.00",00.00,"1,371,597.21"
28-Sep-2020,Cash,00.00,"342,899.30","1,028,697.91"
28-Sep-2020,IMPS,00.00,"257,174.48","771,523.43"
29-Sep-2020,Debit Card,00.00,"110,217.63","661,305.80"
29-Sep-2020,ATM,00.00,"94,472.26","566,833.54"
29-Sep-2020,NEFT,"32,707.40",00.00,"599,540.94"
29-Sep-2020,Commission,00.00,"85,648.71","513,892.23"
29-Sep-2020,RTGS,00.00,"64,236.53","449,655.70"
29-Sep-2020,Purchase,"2,443.00",00.00,"452,098.70"
29-Sep-2020,Miscellaneous,00.00,"75,349.78","376,748.92"
29-Sep-2020,Miscellaneous,21.00,00.00,"376,769.92"
29-Sep-2020,RTGS,00.00,"75,353.98","301,415.94"
30-Sep-2020,Commission,00.00,"43,059.42","258,356.52"
30-Sep-2020,Purchase,00.00,"51,671.30","206,685.22"
30-Sep-2020,Purchase,00.00,"206,685.22",00.00
30-Sep-2020,Commission,216.10,00.00,216.10
30-Sep-2020,Purchase,80.70,00.00,296.80
30-Sep-2020,Tax,01.00,00.00,297.80
30-Sep-2020,Cheque,"520,848.50",00.00,"521,146.30"
30-Sep-2020,Cash,00.00,"130,286.58","390,859.72"
30-Sep-2020,Cash,00.00,"390,859.72",00.00
30-Sep-2020,Cheque,02.30,00.00,02.30
30-Sep-2020,Miscellaneous,"2,473.21",00.00,"2,475.51"
30-Sep-2020,Debit Card,00.00,618.88,"1,856.63"
30-Sep-2020,Commission,00.00,185.66,"1,670.97"
30-Sep-2020,Transfer,00.00,334.19,"1,336.78"
30-Sep-2020,Commission,03.65,00.00,"1,340.43"
30-Sep-2020,Debit Card,257.50,00.00,"1,597.93"
30-Sep-2020,NEFT,00.00,399.48,"1,198.45"
30-Sep-2020,Reversal,"15,240.00",00.00,"16,438.45"
30-Sep-2020,Purchase,"93,856.19",00.00,"110,294.64"
30-Sep-2020,IMPS,"110,078.20",00.00,"220,372.84"
30-Sep-2020,Debit Card,"13,146.70",00.00,"233,519.54"
30-Sep-2020,Bill,00.00,"233,519.54",00.00
30-Sep-2020,ATM,"1,183,676.50",00.00,"1,183,676.50"
30-Sep-2020,Cheque,135.00,00.00,"1,183,811.50"
30-Sep-2020,Miscellaneous,00.00,"147,976.44","1,035,835.06"
30-Sep-2020,ATM,00.00,"517,917.53","517,917.53"
30-Sep-2020,Debit Card,00.00,"86,319.59","431,597.94"
30-Sep-2020,Cash,00.00,"143,865.98","287,731.96"
30-Sep-2020,Interest,00.00,"28,773.20","258,958.76"
30-Sep-2020,IMPS,"3,098.40",00.00,"262,057.16"
30-Sep-2020,Commission,27.00,00.00,"262,084.16"
30-Sep-2020,Miscellaneous,"75,755.30",00.00,"337,839.46"
30-Sep-2020,Cheque,00.00,"168,919.73","168,919.73"
30-Sep-2020,Bill,00.00,"16,891.97","152,027.76"
30-Sep-2020,Commission,00.00,"21,718.25","130,309.51"
30-Sep-2020,Commission,"6,247.00",00.00,"136,556.51"
30-Sep-2020,Miscellaneous,21.97,00.00,"136,578.48"
30-Sep-2020,IMPS,"2,686.00",00.00,"139,264.48"
30-Sep-2020,Debit Card,00.00,"69,632.24","69,632.24"
30-Sep-2020,Tax,00.00,"13,926.45","55,705.79"
30-Sep-2020,Tax,00.00,"55,705.79",00.00
30-Sep-2020,Commission,02.60,00.00,02.60
30-Sep-2020,Commission,00.00,00.65,01.95
30-Sep-2020,Miscellaneous,00.00,00.28,01.67
30-Sep-2020,IMPS,00.00,00.21,01.46
30-Sep-2020,Transfer,04.18,00.00,05.64
30-Sep-2020,ATM,00.00,05.64,00.00
30-Sep-2020,RTGS,"30,274.60",00.00,"30,274.60"
30-Sep-2020,Transfer,97.10,00.00,"30,371.70"
30-Sep-2020,Reversal,"12,228.10",00.00,"42,599.80"
30-Sep-2020,Interest,00.00,"6,085.69","36,514.11"
30-Sep-2020,Commission,03.70,00.00,"36,517.81"
30-Sep-2020,Tax,20.97,00.00,"36,538.78"
30-Sep-2020,Miscellaneous,286.00,00.00,"36,824.78"
30-Sep-2020,ATM,440.00,00.00,"37,264.78"
30-Sep-2020,Commission,236.52,00.00,"37,501.30"
30-Sep-2020,RTGS,00.00,"7,500.26","30,001.04"
30-Sep-2020,Miscellaneous,00.00,"10,000.35","20,000.69"
30-Sep-2020,IMPS,00.00,"2,222.30","17,778.39"
30-Sep-2020,IMPS,"1,236,783.20",00.00,"1,254,561.59"
30-Sep-2020,ATM,46.36,00.00,"1,254,607.95"
30-Sep-2020,Cheque,00.00,"125,460.80","1,129,147.16"
30-Sep-2020,RTGS,"1,227.00",00.00,"1,130,374.16"
30-Sep-2020,Cash,"131,454.00",00.00,"1,261,828.16"
30-Sep-2020,Miscellaneous,00.00,"126,182.82","1,135,645.34"
30-Sep-2020,Bill,"116,977.97",00.00,"1,252,623.31"
30-Sep-2020,Tax,"640,262.00",00.00,"1,892,885.31"
30-Sep-2020,Reversal,20.00,00.00,"1,892,905.31"
30-Sep-2020,NEFT,"22,873.70",00.00,"1,915,779.01"
30-Sep-2020,Purchase,00.00,"478,944.75","1,436,834.26"
30-Sep-2020,Tax,00.00,"239,472.38","1,197,361.88"
30-Sep-2020,Debit Card,"297,304.20",00.00,"1,494,666.08"
30-Sep-2020,ATM,00.00,"747,333.04","747,333.04"
30-Sep-2020,Tax,"1,291,925.80",00.00,"2,039,258.84"
30-Sep-2020,Transfer,"3,486.55",00.00,"2,042,745.39"
30-Sep-2020,Cheque,00.00,"1,021,372.70","1,021,372.70"
30-Sep-2020,Cash,149.00,00.00,"1,021,521.70"
30-Sep-2020,Tax,"10,017.00",00.00,"1,031,538.70"
30-Sep-2020,Commission,00.00,"114,615.41","916,923.29"
01-Oct-2020,ATM,00.00,"458,461.65","458,461.64"
01-Oct-2020,Tax,00.00,"65,494.52","392,967.12"
01-Oct-2020,Cheque,"2,964.10",00.00,"395,931.22"
01-Oct-2020,Miscellaneous,00.00,"79,186.24","316,744.98"
01-Oct-2020,Interest,"28,236.52",00.00,"344,981.50"
01-Oct-2020,Purchase,00.00,"43,122.69","301,858.81"
01-Oct-2020,Debit Card,00.00,"43,122.69","258,736.12"
01-Oct-2020,Miscellaneous,00.00,"25,873.61","232,862.51"
01-Oct-2020,Debit Card,00.00,"25,873.61","206,988.90"
01-Oct-2020,Tax,271.00,00.00,"207,259.90"
01-Oct-2020,Debit Card,"31,728.50",00.00,"238,988.40"
01-Oct-2020,ATM,00.00,"79,662.80","159,325.60"
01-Oct-2020,Reversal,00.00,"31,865.12","127,460.48"
01-Oct-2020,Tax,00.00,"15,932.56","111,527.92"
01-Oct-2020,Reversal,"29,156.00",00.00,"140,683.92"
01-Oct-2020,Bill,06.00,00.00,"140,689.92"
01-Oct-2020,Bill,"3,520.27",00.00,"144,210.19"
01-Oct-2020,Cheque,00.00,"16,023.35","128,186.84"
01-Oct-2020,IMPS,00.00,"16,023.36","112,163.48"
01-Oct-2020,Reversal,"3,566.18",00.00,"115,729.66"
01-Oct-2020,Reversal,00.00,"57,864.83","57,864.83"
01-Oct-2020,NEFT,00.00,"5,786.48","52,078.35"
01-Oct-2020,Transfer,00.00,"5,207.84","46,870.52"
01-Oct-2020,Cash,00.00,"23,435.26","23,435.26"
01-Oct-2020,Purchase,00.00,"11,717.63","11,717.63"
01-Oct-2020,Interest,07.70,00.00,"11,725.33"
01-Oct-2020,Cash,00.00,"1,172.53","10,552.80"
01-Oct-2020,NEFT,00.00,"1,055.28","9,497.52"
01-Oct-2020,NEFT,00.00,"1,582.92","7,914.60"
01-Oct-2020,Reversal,243.00,00.00,"8,157.60"
01-Oct-2020,Commission,00.88,00.00,"8,158.48"
01-Oct-2020,ATM,"19,059.70",00.00,"27,218.18"
01-Oct-2020,Cheque,"1,735,126.00",00.00,"1,762,344.18"
01-Oct-2020,Transfer,00.00,"251,763.45","1,510,580.73"
01-Oct-2020,Cash,02.00,00.00,"1,510,582.73"
01-Oct-2020,Reversal,"1,903.50",00.00,"1,512,486.23"
01-Oct-2020,Reversal,00.00,"378,121.56","1,134,364.67"
01-Oct-2020,IMPS,00.00,"189,060.78","945,303.89"
01-Oct-2020,Cheque,00.00,"94,530.39","850,773.50"
01-Oct-2020,IMPS,00.00,"106,346.69","744,426.81"
01-Oct-2020,Commission,"8,792.94",00.00,"753,219.75"
01-Oct-2020,NEFT,00.00,"94,152.47","659,067.28"
01-Oct-2020,Bill,00.00,"659,067.28",00.00
01-Oct-2020,Purchase,"1,420,831.50",00.00,"1,420,831.50"
01-Oct-2020,Commission,00.00,"202,975.93","1,217,855.57"
01-Oct-2020,Commission,"3,187.00",00.00,"1,221,042.57"
01-Oct-2020,Purchase,00.00,"407,014.19","814,028.38"
01-Oct-2020,Transfer,"12,364.00",00.00,"826,392.38"
01-Oct-2020,IMPS,00.00,"413,196.19","413,196.19"
01-Oct-2020,NEFT,00.00,"68,866.03","344,330.16"
01-Oct-2020,RTGS,00.00,"43,041.27","301,288.89"
01-Oct-2020,NEFT,04.00,00.00,"301,292.89"
01-Oct-2020,Cash,34.60,00.00,"301,327.49"
01-Oct-2020,Bill,00.00,"30,132.75","271,194.74"
01-Oct-2020,RTGS,107.81,00.00,"271,302.55"
01-Oct-2020,Cheque,339.00,00.00,"271,641.55"
01-Oct-2020,Bill,"1,015.27",00.00,"272,656.82"
01-Oct-2020,Cheque,"10,090.66",00.00,"282,747.48"
01-Oct-2020,Interest,496.50,00.00,"283,243.98"
01-Oct-2020,IMPS,00.00,"70,811.00","212,432.98"
01-Oct-2020,ATM,"2,736.58",00.00,"215,169.56"
01-Oct-2020,Cash,"3,739.00",00.00,"218,908.56"
01-Oct-2020,Debit Card,"7,847.10",00.00,"226,755.66"
01-Oct-2020,IMPS,00.00,"22,675.57","204,080.09"
01-Oct-2020,Reversal,"26,537.70",00.00,"230,617.79"
01-Oct-2020,Interest,00.00,"28,827.22","201,790.57"
01-Oct-2020,Purchase,00.00,"25,223.82","176,566.75"
01-Oct-2020,IMPS,253.15,00.00,"176,819.90"
01-Oct-2020,Transfer,00.00,"22,102.49","154,717.41"
01-Oct-2020,Miscellaneous,00.00,"38,679.35","116,038.06"
01-Oct-2020,IMPS,03.00,00.00,"116,041.06"
01-Oct-2020,Transfer,00.00,"14,505.13","101,535.93"
01-Oct-2020,Purchase,01.00,00.00,"101,536.93"
01-Oct-2020,Miscellaneous,"1,901,846.00",00.00,"2,003,382.93"
01-Oct-2020,Transfer,00.00,"667,794.31","1,335,588.62"
01-Oct-2020,Transfer,00.00,"166,948.58","1,168,640.04"
01-Oct-2020,Miscellaneous,"1,738,231.00",00.00,"2,906,871.04"
01-Oct-2020,Cash,00.00,"484,478.51","2,422,392.53"
01-Oct-2020,Commission,00.00,"242,239.25","2,180,153.28"
01-Oct-2020,RTGS,"2,742.00",00.00,"2,182,895.28"
01-Oct-2020,NEFT,"3,127.00",00.00,"2,186,022.28"
01-Oct-2020,NEFT,"3,306.02",00.00,"2,189,328.30"
01-Oct-2020,Interest,07.66,00.00,"2,189,335.96"
01-Oct-2020,Cash,00.00,"312,762.28","1,876,573.68"
01-Oct-2020,IMPS,00.00,"938,286.84","938,286.84"
01-Oct-2020,Debit Card,141.00,00.00,"938,427.84"
01-Oct-2020,Tax,"1,854,730.75",00.00,"2,793,158.59"
01-Oct-2020,Cash,00.00,"279,315.86","2,513,842.73"
01-Oct-2020,Debit Card,89.80,00.00,"2,513,932.53"
01-Oct-2020,Commission,00.00,"251,393.25","2,262,539.28"
01-Oct-2020,RTGS,00.00,"377,089.88","1,885,449.40"
01-Oct-2020,Miscellaneous,50.82,00.00,"1,885,500.22"
01-Oct-2020,Tax,"6,227.10",00.00,"1,891,727.32"
01-Oct-2020,Interest,"21,634.70",00.00,"1,913,362.02"
01-Oct-2020,RTGS,00.00,"318,893.67","1,594,468.35"
01-Oct-2020,Commission,349.00,00.00,"1,594,817.35"
01-Oct-2020,ATM,416.20,00.00,"1,595,233.55"
01-Oct-2020,Interest,00.00,"177,248.17","1,417,985.38"
01-Oct-2020,ATM,00.00,"141,798.54","1,276,186.84"
01-Oct-2020,Miscellaneous,00.00,"425,395.61","850,791.23"
01-Oct-2020,Reversal,00.00,"106,348.90","744,442.33"
01-Oct-2020,Cheque,498.24,00.00,"744,940.57"
01-Oct-2020,Interest,00.00,"148,988.11","595,952.46"
01-Oct-2020,Interest,00.00,"59,595.25","536,357.21"
01-Oct-2020,Cheque,159.00,00.00,"536,516.21"
01-Oct-2020,RTGS,00.00,"76,645.17","459,871.04"
01-Oct-2020,ATM,"1,463.70",00.00,"461,334.74"
01-Oct-2020,Cash,"9,155.00",00.00,"470,489.74"
01-Oct-2020,Transfer,"221,617.91",00.00,"692,107.65"
01-Oct-2020,NEFT,"3,102.80",00.00,"695,210.45"
01-Oct-2020,IMPS,33.10,00.00,"695,243.55"
01-Oct-2020,Tax,00.00,"115,873.93","579,369.62"
01-Oct-2020,NEFT,00.00,"144,842.41","434,527.22"
01-Oct-2020,Reversal,27.00,00.00,"434,554.22"
01-Oct-2020,Miscellaneous,00.00,"144,851.41","289,702.81"
01-Oct-2020,ATM,"627,302.00",00.00,"917,004.81"
01-Oct-2020,IMPS,00.00,"114,625.60","802,379.21"
01-Oct-2020,Bill,"26,423.23",00.00,"828,802.44"
01-Oct-2020,RTGS,"23,572.54",00.00,"852,374.98"
01-Oct-2020,NEFT,"2,722.30",00.00,"855,097.28"
01-Oct-2020,Reversal,05.00,00.00,"855,102.28"
01-Oct-2020,Reversal,34.25,00.00,"855,136.53"
01-Oct-2020,NEFT,175.70,00.00,"855,312.23"
02-Oct-2020,Commission,00.00,"855,312.23",00.00
02-Oct-2020,RTGS,07.11,00.00,07.11
02-Oct-2020,Interest,00.00,03.56,03.56
02-Oct-2020,RTGS,00.00,00.71,02.85
02-Oct-2020,Cash,37.56,00.00,40.41
02-Oct-2020,Transfer,00.00,06.74,33.67
02-Oct-2020,Bill,05.62,00.00,39.29
02-Oct-2020,Debit Card,00.00,06.55,32.74
02-Oct-2020,Bill,34.90,00.00,67.64
02-Oct-2020,ATM,00.00,33.82,33.82
02-Oct-2020,Purchase,00.00,16.91,16.91
02-Oct-2020,Transfer,11.60,00.00,28.51
02-Oct-2020,IMPS,00.00,02.85,25.66
02-Oct-2020,Debit Card,"1,615.00",00.00,"1,640.66"
03-Oct-2020,Tax,00.00,182.30,"1,458.36"
03-Oct-2020,Reversal,00.00,"1,458.36",00.00
03-Oct-2020,RTGS,07.86,00.00,07.86
03-Oct-2020,Tax,00.00,01.57,06.29
03-Oct-2020,Cheque,00.00,02.10,04.19
03-Oct-2020,Transfer,00.00,00.47,03.72
03-Oct-2020,Cash,"1,219,106.50",00.00,"1,219,110.22"
03-Oct-2020,Transfer,"24,459.66",00.00,"1,243,569.88"
03-Oct-2020,Interest,410.87,00.00,"1,243,980.75"
03-Oct-2020,Reversal,00.00,"310,995.19","932,985.56"
03-Oct-2020,Cash,00.00,"103,665.06","829,320.50"
03-Oct-2020,Debit Card,00.00,"829,320.50",00.00
03-Oct-2020,Tax,"1,048.00",00.00,"1,048.00"
03-Oct-2020,RTGS,"976,187.00",00.00,"977,235.00"
04-Oct-2020,NEFT,"20,131.90",00.00,"997,366.90"
04-Oct-2020,Purchase,00.00,"166,227.82","831,139.08"
04-Oct-2020,Reversal,"30,076.78",00.00,"861,215.86"
04-Oct-2020,Transfer,00.00,"430,607.93","430,607.93"
04-Oct-2020,Interest,"3,633.91",00.00,"434,241.84"
04-Oct-2020,NEFT,00.00,"72,373.64","361,868.20"
04-Oct-2020,Cheque,00.00,"120,622.73","241,245.47"
04-Oct-2020,Miscellaneous,00.00,"60,311.37","180,934.10"
05-Oct-2020,Reversal,03.20,00.00,"180,937.30"
05-Oct-2020,Reversal,"28,848.80",00.00,"209,786.10"
06-Oct-2020,ATM,00.00,"20,978.61","188,807.49"
06-Oct-2020,ATM,00.00,"47,201.87","141,605.62"
06-Oct-2020,Miscellaneous,00.00,"141,605.62",00.00
06-Oct-2020,Interest,"1,238,809.00",00.00,"1,238,809.00"
06-Oct-2020,Miscellaneous,00.00,"206,468.17","1,032,340.83"
06-Oct-2020,Transfer,00.00,"516,170.42","516,170.42"
06-Oct-2020,RTGS,00.00,"86,028.40","430,142.02"
06-Oct-2020,Purchase,"389,276.25",00.00,"819,418.27"
06-Oct-2020,ATM,"271,774.00",00.00,"1,091,192.27"
06-Oct-2020,Interest,00.00,"545,596.14","545,596.14"
06-Oct-2020,Miscellaneous,00.00,"77,942.31","467,653.83"
06-Oct-2020,Commission,00.00,"155,884.61","311,769.22"
06-Oct-2020,Purchase,42.40,00.00,"311,811.62"
06-Oct-2020,RTGS,"166,897.60",00.00,"478,709.22"
06-Oct-2020,IMPS,"3,574.24",00.00,"482,283.46"
06-Oct-2020,ATM,"2,686.00",00.00,"484,969.46"
06-Oct-2020,Interest,00.00,"69,281.35","415,688.11"
06-Oct-2020,ATM,00.00,"415,688.11",00.00
06-Oct-2020,Tax,01.82,00.00,01.82
07-Oct-2020,Bill,54.70,00.00,56.52
07-Oct-2020,ATM,00.00,14.13,42.39
07-Oct-2020,Purchase,00.00,04.71,37.68
07-Oct-2020,ATM,04.24,00.00,41.92
07-Oct-2020,Reversal,00.00,08.38,33.54
07-Oct-2020,Bill,00.00,03.73,29.81
07-Oct-2020,NEFT,05.89,00.00,35.70
07-Oct-2020,Cash,756.70,00.00,792.40
07-Oct-2020,Reversal,"26,750.00",00.00,"27,542.40"
07-Oct-2020,RTGS,00.00,"3,442.80","24,099.60"
07-Oct-2020,Bill,00.00,"12,049.80","12,049.80"
07-Oct-2020,Cheque,00.00,"1,338.87","10,710.93"
07-Oct-2020,Tax,"116,634.00",00.00,"127,344.93"
07-Oct-2020,ATM,00.00,"25,468.99","101,875.94"
07-Oct-2020,Transfer,"30,549.47",00.00,"132,425.41"
08-Oct-2020,Commission,00.00,"22,070.90","110,354.51"
08-Oct-2020,NEFT,00.00,"11,035.45","99,319.06"
08-Oct-2020,ATM,00.00,"99,319.06",00.00
08-Oct-2020,IMPS,"6,017.00",00.00,"6,017.00"
08-Oct-2020,Miscellaneous,29.00,00.00,"6,046.00"
09-Oct-2020,Cheque,00.00,"1,209.20","4,836.80"
09-Oct-2020,Miscellaneous,00.00,"1,209.20","3,627.60"
09-Oct-2020,Tax,"1,701.35",00.00,"5,328.95"
09-Oct-2020,Bill,00.00,532.90,"4,796.06"
09-Oct-2020,Cheque,00.00,"1,598.69","3,197.37"
09-Oct-2020,Purchase,429.00,00.00,"3,626.37"
09-Oct-2020,Purchase,00.00,518.05,"3,108.32"
09-Oct-2020,IMPS,00.00,"1,554.16","1,554.16"
09-Oct-2020,Interest,"16,515.30",00.00,"18,069.46"
09-Oct-2020,RTGS,05.55,00.00,"18,075.01"
09-Oct-2020,Tax,00.00,"18,075.01",00.00
09-Oct-2020,Commission,"151,053.70",00.00,"151,053.70"
09-Oct-2020,Cash,07.30,00.00,"151,061.00"
09-Oct-2020,Commission,07.29,00.00,"151,068.29"
10-Oct-2020,Cash,"22,645.67",00.00,"173,713.96"
10-Oct-2020,Reversal,00.00,"86,856.98","86,856.98"
10-Oct-2020,Tax,"7,070.00",00.00,"93,926.98"
10-Oct-2020,Reversal,00.00,"9,392.70","84,534.28"
10-Oct-2020,Miscellaneous,00.00,"9,392.70","75,141.58"
10-Oct-2020,Tax,00.00,"25,047.19","50,094.39"
10-Oct-2020,Miscellaneous,279.20,00.00,"50,373.59"
10-Oct-2020,Tax,00.00,"12,593.40","37,780.19"
10-Oct-2020,NEFT,39.06,00.00,"37,819.25"
10-Oct-2020,Purchase,06.00,00.00,"37,825.25"
10-Oct-2020,Cheque,00.00,"37,825.25",00.00
10-Oct-2020,Cash,"26,595.38",00.00,"26,595.38"
10-Oct-2020,Cash,00.00,"4,432.56","22,162.82"
10-Oct-2020,Reversal,00.00,"2,462.54","19,700.28"
10-Oct-2020,Purchase,00.00,"2,188.92","17,511.36"
10-Oct-2020,Miscellaneous,20.59,00.00,"17,531.95"
10-Oct-2020,Commission,07.90,00.00,"17,539.85"
10-Oct-2020,RTGS,00.00,"3,507.97","14,031.88"
10-Oct-2020,IMPS,57.00,00.00,"14,088.88"
10-Oct-2020,RTGS,00.00,"7,044.44","7,044.44"
10-Oct-2020,NEFT,00.00,"1,174.07","5,870.37"
10-Oct-2020,Debit Card,00.00,838.62,"5,031.75"
10-Oct-2020,ATM,"243,582.00",00.00,"248,613.75"
10-Oct-2020,Interest,00.00,"49,722.75","198,891.00"
10-Oct-2020,Miscellaneous,"2,665.90",00.00,"201,556.90"
10-Oct-2020,Cheque,00.00,"67,185.63","134,371.27"
10-Oct-2020,ATM,"921,778.20",00.00,"1,056,149.47"
10-Oct-2020,Commission,00.00,"528,074.74","528,074.74"
10-Oct-2020,Debit Card,00.00,"264,037.37","264,037.37"
10-Oct-2020,RTGS,"516,037.50",00.00,"780,074.87"
10-Oct-2020,NEFT,00.00,"78,007.49","702,067.38"
10-Oct-2020,Cash,00.00,"100,295.34","601,772.04"
10-Oct-2020,Interest,"2,746.76",00.00,"604,518.80"
10-Oct-2020,Transfer,00.00,"201,506.27","403,012.53"
10-Oct-2020,Tax,00.00,"67,168.76","335,843.78"
10-Oct-2020,Cash,09.10,00.00,"335,852.88"
10-Oct-2020,Interest,608.00,00.00,"336,460.88"
10-Oct-2020,NEFT,"7,327.43",00.00,"343,788.31"
10-Oct-2020,Cash,00.00,"68,757.66","275,030.65"
10-Oct-2020,Purchase,00.00,"34,378.83","240,651.82"
10-Oct-2020,Bill,00.00,"60,162.96","180,488.86"
10-Oct-2020,ATM,00.00,"22,561.11","157,927.75"
10-Oct-2020,Reversal,00.00,"39,481.94","118,445.81"
10-Oct-2020,Purchase,00.00,"11,844.58","106,601.23"
10-Oct-2020,Cheque,00.00,"21,320.25","85,280.98"
10-Oct-2020,Miscellaneous,"160,206.20",00.00,"245,487.18"
11-Oct-2020,NEFT,"417,761.00",00.00,"663,248.18"
11-Oct-2020,Transfer,01.15,00.00,"663,249.33"
11-Oct-2020,ATM,00.00,"165,812.33","497,437.00"
11-Oct-2020,Reversal,"1,398.00",00.00,"498,835.00"
11-Oct-2020,ATM,"1,260.00",00.00,"500,095.00"
11-Oct-2020,Bill,21.90,00.00,"500,116.90"
11-Oct-2020,Cash,"70,812.00",00.00,"570,928.90"
11-Oct-2020,Cash,00.00,"81,561.27","489,367.63"
11-Oct-2020,Cheque,00.00,"163,122.54","326,245.09"
12-Oct-2020,Reversal,"799,953.00",00.00,"1,126,198.09"
12-Oct-2020,Cash,00.00,"281,549.52","844,648.57"
12-Oct-2020,IMPS,58.70,00.00,"844,707.27"
12-Oct-2020,RTGS,"3,939.00",00.00,"848,646.27"
12-Oct-2020,Cash,00.00,"141,441.05","707,205.22"
12-Oct-2020,ATM,00.00,"707,205.22",00.00
12-Oct-2020,Bill,"3,227.56",00.00,"3,227.56"
12-Oct-2020,Cheque,00.00,403.45,"2,824.12"
12-Oct-2020,Bill,15.55,00.00,"2,839.67"
12-Oct-2020,IMPS,00.00,473.28,"2,366.39"
12-Oct-2020,IMPS,05.00,00.00,"2,371.39"
12-Oct-2020,Bill,00.00,790.46,"1,580.93"
12-Oct-2020,Miscellaneous,00.00,"1,580.93",00.00
12-Oct-2020,IMPS,249.00,00.00,249.00
12-Oct-2020,Reversal,"1,653,044.00",00.00,"1,653,293.00"
12-Oct-2020,Commission,00.00,"551,097.67","1,102,195.33"
12-Oct-2020,Tax,00.00,"137,774.42","964,420.91"
12-Oct-2020,Cash,14.91,00.00,"964,435.82"
12-Oct-2020,Commission,42.40,00.00,"964,478.22"
12-Oct-2020,Interest,02.09,00.00,"964,480.31"
12-Oct-2020,IMPS,00.00,"192,896.06","771,584.25"
13-Oct-2020,Commission,"140,286.47",00.00,"911,870.72"
13-Oct-2020,Interest,"20,327.00",00.00,"932,197.72"
13-Oct-2020,ATM,05.00,00.00,"932,202.72"
13-Oct-2020,Cheque,00.00,"310,734.24","621,468.48"
14-Oct-2020,NEFT,61.00,00.00,"621,529.48"
14-Oct-2020,Commission,00.00,"77,691.19","543,838.29"
14-Oct-2020,Cash,00.00,"108,767.66","435,070.63"
14-Oct-2020,Debit Card,44.00,00.00,"435,114.63"
15-Oct-2020,Interest,00.00,"108,778.66","326,335.97"
15-Oct-2020,Transfer,"2,108.00",00.00,"328,443.97"
15-Oct-2020,NEFT,00.00,"41,055.50","287,388.47"
15-Oct-2020,Interest,"65,685.10",00.00,"353,073.57"
15-Oct-2020,Interest,04.50,00.00,"353,078.07"
15-Oct-2020,Reversal,06.60,00.00,"353,084.67"
15-Oct-2020,NEFT,"1,552.90",00.00,"354,637.57"
15-Oct-2020,Debit Card,"1,885,684.00",00.00,"2,240,321.57"
15-Oct-2020,Interest,00.00,"373,386.93","1,866,934.64"
15-Oct-2020,Interest,61.00,00.00,"1,866,995.64"
15-Oct-2020,Cash,00.00,"186,699.56","1,680,296.08"
15-Oct-2020,ATM,00.00,"280,049.35","1,400,246.73"
15-Oct-2020,Transfer,00.00,"700,123.37","700,123.36"
15-Oct-2020,Bill,"3,483.00",00.00,"703,606.36"
15-Oct-2020,ATM,00.00,"70,360.64","633,245.72"
16-Oct-2020,ATM,00.00,"105,540.95","527,704.77"
16-Oct-2020,Bill,00.00,"87,950.80","439,753.98"
16-Oct-2020,NEFT,"173,649.44",00.00,"613,403.42"
16-Oct-2020,Cheque,51.00,00.00,"613,454.42"
16-Oct-2020,Miscellaneous,666.00,00.00,"614,120.42"
16-Oct-2020,Cash,00.00,"61,412.04","552,708.38"
16-Oct-2020,Miscellaneous,971.00,00.00,"553,679.38"
16-Oct-2020,Purchase,00.00,"110,735.88","442,943.50"
16-Oct-2020,Bill,00.00,"147,647.83","295,295.67"
16-Oct-2020,IMPS,00.00,"49,215.95","246,079.72"
16-Oct-2020,Transfer,00.00,"35,154.25","210,925.47"
16-Oct-2020,Debit Card,07.40,00.00,"210,932.87"
16-Oct-2020,Reversal,00.00,"42,186.57","168,746.30"
16-Oct-2020,Tax,318.00,00.00,"169,064.30"
16-Oct-2020,Cheque,00.00,"28,177.38","140,886.92"
16-Oct-2020,Tax,00.00,00.00,"140,886.92"
16-Oct-2020,Commission,"1,932,246.00",00.00,"2,073,132.92"
16-Oct-2020,Cheque,00.00,"296,161.85","1,776,971.07"
16-Oct-2020,Reversal,00.00,"1,776,971.07",00.00
16-Oct-2020,Interest,210.20,00.00,210.20
16-Oct-2020,Cheque,06.81,00.00,217.01
16-Oct-2020,Bill,00.00,21.70,195.31
16-Oct-2020,Cash,00.00,24.41,170.90
16-Oct-2020,NEFT,00.00,34.18,136.72
16-Oct-2020,Bill,"1,645,260.00",00.00,"1,645,396.72"
16-Oct-2020,RTGS,"74,546.97",00.00,"1,719,943.69"
16-Oct-2020,Commission,00.00,"343,988.74","1,375,954.95"
16-Oct-2020,Cheque,00.00,"229,325.83","1,146,629.12"
16-Oct-2020,Miscellaneous,00.00,"382,209.71","764,419.41"
16-Oct-2020,Cash,38.86,00.00,"764,458.27"
16-Oct-2020,Bill,00.00,"84,939.81","679,518.46"
16-Oct-2020,NEFT,00.00,"113,253.08","566,265.38"
17-Oct-2020,Miscellaneous,118.02,00.00,"566,383.40"
17-Oct-2020,NEFT,00.00,"283,191.70","283,191.70"
17-Oct-2020,ATM,00.00,"47,198.62","235,993.08"
17-Oct-2020,Commission,00.00,"29,499.14","206,493.94"
17-Oct-2020,Cheque,"21,630.00",00.00,"228,123.94"
17-Oct-2020,Cash,00.00,"76,041.31","152,082.63"
17-Oct-2020,Purchase,110.27,00.00,"152,192.90"
17-Oct-2020,Miscellaneous,00.00,"25,365.48","126,827.42"
18-Oct-2020,Transfer,00.00,"12,682.74","114,144.68"
18-Oct-2020,Cash,17.70,00.00,"114,162.38"
18-Oct-2020,Purchase,00.00,"28,540.60","85,621.78"
18-Oct-2020,Commission,00.00,"9,513.53","76,108.25"
18-Oct-2020,NEFT,"783,011.00",00.00,"859,119.25"
19-Oct-2020,NEFT,"2,323.00",00.00,"861,442.25"
19-Oct-2020,RTGS,00.00,"172,288.45","689,153.80"
19-Oct-2020,Interest,00.00,"76,572.64","612,581.16"
19-Oct-2020,IMPS,06.34,00.00,"612,587.50"
19-Oct-2020,ATM,00.00,"76,573.44","536,014.06"
19-Oct-2020,Bill,00.00,"536,014.06",00.00
19-Oct-2020,Transfer,430.60,00.00,430.60
19-Oct-2020,Tax,00.00,43.06,387.54
19-Oct-2020,Reversal,00.00,96.89,290.66
19-Oct-2020,Interest,29.80,00.00,320.46
19-Oct-2020,NEFT,00.00,32.05,288.41
19-Oct-2020,Tax,00.00,28.84,259.57
19-Oct-2020,Debit Card,01.00,00.00,260.57
19-Oct-2020,RTGS,00.00,130.29,130.28
19-Oct-2020,Reversal,00.00,130.28,00.00
19-Oct-2020,Bill,01.06,00.00,01.06
19-Oct-2020,IMPS,00.00,00.53,00.53
19-Oct-2020,Transfer,20.00,00.00,20.53
19-Oct-2020,Purchase,00.00,02.57,17.96
19-Oct-2020,Miscellaneous,487.40,00.00,505.36
19-Oct-2020,Transfer,16.00,00.00,521.36
19-Oct-2020,Cash,22.00,00.00,543.36
19-Oct-2020,Reversal,00.00,60.37,482.99
19-Oct-2020,Interest,00.00,482.99,00.00
19-Oct-2020,Cheque,"29,705.00",00.00,"29,705.00"
19-Oct-2020,NEFT,00.00,"7,426.25","22,278.75"
19-Oct-2020,Interest,"16,801.50",00.00,"39,080.25"
19-Oct-2020,Cash,00.00,"9,770.06","29,310.19"
19-Oct-2020,Interest,"912,699.75",00.00,"942,009.94"
20-Oct-2020,Transfer,00.00,"134,572.85","807,437.09"
20-Oct-2020,Miscellaneous,01.00,00.00,"807,438.09"
20-Oct-2020,Reversal,55.80,00.00,"807,493.89"
20-Oct-2020,Interest,"1,859.70",00.00,"809,353.59"
20-Oct-2020,Bill,"6,386.20",00.00,"815,739.79"
20-Oct-2020,IMPS,00.00,"135,956.63","679,783.16"
20-Oct-2020,Purchase,213.00,00.00,"679,996.16"
20-Oct-2020,Interest,00.00,"113,332.69","566,663.47"
20-Oct-2020,Transfer,15.94,00.00,"566,679.41"
20-Oct-2020,Transfer,00.00,"62,964.38","503,715.03"
20-Oct-2020,ATM,"517,169.00",00.00,"1,020,884.03"
20-Oct-2020,Debit Card,"995,892.75",00.00,"2,016,776.78"
20-Oct-2020,Purchase,00.00,"252,097.10","1,764,679.68"
20-Oct-2020,Cheque,00.00,"294,113.28","1,470,566.40"
20-Oct-2020,Transfer,18.00,00.00,"1,470,584.40"
20-Oct-2020,Cash,00.00,"183,823.05","1,286,761.35"
20-Oct-2020,RTGS,00.00,"183,823.05","1,102,938.30"
20-Oct-2020,Purchase,996.00,00.00,"1,103,934.30"
20-Oct-2020,Miscellaneous,"30,585.60",00.00,"1,134,519.90"
20-Oct-2020,Purchase,962.99,00.00,"1,135,482.89"
20-Oct-2020,Bill,00.00,"113,548.29","1,021,934.60"
20-Oct-2020,Interest,00.00,"340,644.87","681,289.73"
20-Oct-2020,Miscellaneous,00.00,"136,257.95","545,031.78"
20-Oct-2020,Bill,00.00,"60,559.09","484,472.69"
20-Oct-2020,Tax,00.00,"69,210.38","415,262.31"
21-Oct-2020,Transfer,00.00,"46,140.26","369,122.05"
21-Oct-2020,Commission,"2,043,677.00",00.00,"2,412,799.05"
21-Oct-2020,ATM,05.29,00.00,"2,412,804.34"
21-Oct-2020,Reversal,00.00,"603,201.09","1,809,603.26"
21-Oct-2020,Tax,"3,976.50",00.00,"1,813,579.76"
21-Oct-2020,RTGS,00.00,"906,789.88","906,789.88"
21-Oct-2020,ATM,00.00,"113,348.74","793,441.14"
21-Oct-2020,ATM,"33,509.20",00.00,"826,950.34"
21-Oct-2020,NEFT,00.00,"165,390.07","661,560.27"
21-Oct-2020,Bill,00.00,"94,508.61","567,051.66"
21-Oct-2020,Reversal,168.30,00.00,"567,219.96"
21-Oct-2020,Cash,"2,090.40",00.00,"569,310.36"
21-Oct-2020,IMPS,02.00,00.00,"569,312.36"
21-Oct-2020,Cheque,00.00,"113,862.47","455,449.89"
21-Oct-2020,Purchase,00.00,"65,064.27","390,385.62"
21-Oct-2020,Reversal,00.00,"97,596.41","292,789.21"
22-Oct-2020,Cash,440.70,00.00,"293,229.91"
22-Oct-2020,Cash,04.00,00.00,"293,233.91"
22-Oct-2020,IMPS,00.00,"293,233.91",00.00
22-Oct-2020,Bill,"466,746.00",00.00,"466,746.00"
23-Oct-2020,IMPS,00.00,"466,746.00",00.00
23-Oct-2020,RTGS,03.00,00.00,03.00
23-Oct-2020,Debit Card,77.00,00.00,80.00
23-Oct-2020,Bill,53.00,00.00,133.00
23-Oct-2020,Interest,00.00,13.30,119.70
23-Oct-2020,Tax,"1,652.10",00.00,"1,771.80"
23-Oct-2020,Interest,"244,162.34",00.00,"245,934.14"
23-Oct-2020,ATM,00.00,"35,133.45","210,800.69"
23-Oct-2020,Tax,00.00,"23,422.30","187,378.39"
23-Oct-2020,Tax,00.00,"37,475.68","149,902.71"
23-Oct-2020,Commission,00.00,"24,983.79","124,918.92"
23-Oct-2020,Interest,"66,813.40",00.00,"191,732.32"
23-Oct-2020,Reversal,00.00,"31,955.39","159,776.93"
23-Oct-2020,Miscellaneous,"1,193.00",00.00,"160,969.93"
23-Oct-2020,Purchase,"69,579.00",00.00,"230,548.93"
23-Oct-2020,Cheque,"2,301.60",00.00,"232,850.53"
23-Oct-2020,Purchase,"22,918.00",00.00,"255,768.53"
23-Oct-2020,Miscellaneous,01.90,00.00,"255,770.43"
23-Oct-2020,Cash,00.00,"255,770.43",00.00
23-Oct-2020,Miscellaneous,39.80,00.00,39.80
23-Oct-2020,Bill,00.00,04.98,34.82
23-Oct-2020,Transfer,31.91,00.00,66.73
23-Oct-2020,IMPS,326.07,00.00,392.80
23-Oct-2020,RTGS,00.00,196.40,196.40
23-Oct-2020,IMPS,00.00,19.64,176.76
23-Oct-2020,Tax,"1,537,846.00",00.00,"1,538,022.76"
23-Oct-2020,IMPS,"3,897.72",00.00,"1,541,920.48"
23-Oct-2020,Commission,"338,840.00",00.00,"1,880,760.48"
23-Oct-2020,Miscellaneous,00.00,"376,152.10","1,504,608.38"
23-Oct-2020,Debit Card,"2,325.90",00.00,"1,506,934.28"
23-Oct-2020,Cheque,445.40,00.00,"1,507,379.68"
23-Oct-2020,Tax,"3,149.00",00.00,"1,510,528.68"
23-Oct-2020,Reversal,612.43,00.00,"1,511,141.11"
23-Oct-2020,Tax,00.62,00.00,"1,511,141.73"
23-Oct-2020,Cheque,00.00,"251,856.96","1,259,284.77"
23-Oct-2020,Purchase,"92,517.70",00.00,"1,351,802.47"
23-Oct-2020,IMPS,00.00,"135,180.25","1,216,622.22"
23-Oct-2020,Purchase,02.00,00.00,"1,216,624.22"
23-Oct-2020,Interest,19.90,00.00,"1,216,644.12"
23-Oct-2020,RTGS,"32,177.60",00.00,"1,248,821.72"
23-Oct-2020,Transfer,00.00,"416,273.91","832,547.81"
23-Oct-2020,Miscellaneous,00.00,"118,935.40","713,612.41"
23-Oct-2020,IMPS,00.00,"101,944.63","611,667.78"
23-Oct-2020,Cash,00.00,"61,166.78","550,501.00"
23-Oct-2020,NEFT,00.00,"68,812.63","481,688.38"
23-Oct-2020,Reversal,00.00,"60,211.05","421,477.33"
23-Oct-2020,Reversal,00.00,"84,295.47","337,181.86"
23-Oct-2020,Interest,00.00,"168,590.93","168,590.93"
23-Oct-2020,Miscellaneous,00.00,"33,718.19","134,872.74"
23-Oct-2020,Bill,"64,499.00",00.00,"199,371.74"
23-Oct-2020,ATM,34.16,00.00,"199,405.90"
23-Oct-2020,Reversal,442.00,00.00,"199,847.90"
23-Oct-2020,Bill,"20,252.14",00.00,"220,100.04"
24-Oct-2020,Transfer,65.60,00.00,"220,165.64"
24-Oct-2020,Transfer,00.00,"27,520.71","192,644.94"
24-Oct-2020,Bill,00.00,"19,264.49","173,380.45"
24-Oct-2020,ATM,161.00,00.00,"173,541.45"
24-Oct-2020,ATM,335.63,00.00,"173,877.08"
24-Oct-2020,Miscellaneous,00.00,"86,938.54","86,938.54"
24-Oct-2020,Interest,03.20,00.00,"86,941.74"
24-Oct-2020,Cash,297.50,00.00,"87,239.24"
24-Oct-2020,Transfer,04.84,00.00,"87,244.08"
24-Oct-2020,Debit Card,00.00,"12,463.44","74,780.64"
24-Oct-2020,Purchase,00.00,"74,780.64",00.00
24-Oct-2020,Cash,"2,826.70",00.00,"2,826.70"
24-Oct-2020,RTGS,00.00,"2,826.70",00.00
24-Oct-2020,Miscellaneous,"46,882.00",00.00,"46,882.00"
24-Oct-2020,Debit Card,"2,095,750.00",00.00,"2,142,632.00"
24-Oct-2020,Transfer,"1,869,013.00",00.00,"4,011,645.00"
24-Oct-2020,IMPS,00.00,"1,002,911.25","3,008,733.75"
24-Oct-2020,NEFT,00.00,"752,183.44","2,256,550.31"
24-Oct-2020,ATM,00.00,"250,727.81","2,005,822.50"
24-Oct-2020,Purchase,00.00,"668,607.50","1,337,215.00"
24-Oct-2020,Cash,"2,024,058.00",00.00,"3,361,273.00"
24-Oct-2020,Cheque,"260,354.72",00.00,"3,621,627.72"
24-Oct-2020,NEFT,"107,091.00",00.00,"3,728,718.72"
24-Oct-2020,Transfer,04.00,00.00,"3,728,722.72"
24-Oct-2020,Cash,00.00,"372,872.27","3,355,850.45"
24-Oct-2020,Reversal,00.00,"3,355,850.45",00.00
24-Oct-2020,RTGS,"853,014.50",00.00,"853,014.50"
24-Oct-2020,Commission,"3,965.37",00.00,"856,979.87"
24-Oct-2020,ATM,00.00,"85,697.99","771,281.88"
24-Oct-2020,IMPS,"1,038,747.80",00.00,"1,810,029.68"
24-Oct-2020,Interest,00.00,"258,575.67","1,551,454.01"
24-Oct-2020,Debit Card,"27,826.50",00.00,"1,579,280.51"
24-Oct-2020,NEFT,02.40,00.00,"1,579,282.91"
24-Oct-2020,Bill,00.00,"394,820.73","1,184,462.18"
24-Oct-2020,Bill,00.00,"197,410.36","987,051.82"
24-Oct-2020,Bill,00.00,"493,525.91","493,525.91"
24-Oct-2020,IMPS,08.00,00.00,"493,533.91"
24-Oct-2020,Miscellaneous,00.00,"54,837.10","438,696.81"
24-Oct-2020,IMPS,415.89,00.00,"439,112.70"
25-Oct-2020,Purchase,00.00,"146,370.90","292,741.80"
25-Oct-2020,Miscellaneous,00.00,"32,526.87","260,214.93"
25-Oct-2020,NEFT,"334,484.80",00.00,"594,699.73"
25-Oct-2020,Reversal,00.00,"59,469.97","535,229.76"
26-Oct-2020,Tax,03.00,00.00,"535,232.76"
26-Oct-2020,Bill,00.00,"267,616.38","267,616.38"
26-Oct-2020,RTGS,39.03,00.00,"267,655.41"
26-Oct-2020,Cheque,00.00,"44,609.24","223,046.18"
26-Oct-2020,Purchase,00.00,"37,174.36","185,871.82"
26-Oct-2020,Interest,00.00,"46,467.96","139,403.86"
26-Oct-2020,Cheque,00.00,"27,880.77","111,523.09"
26-Oct-2020,Debit Card,"27,700.38",00.00,"139,223.47"
26-Oct-2020,Transfer,321.00,00.00,"139,544.47"
26-Oct-2020,Reversal,338.00,00.00,"139,882.47"
26-Oct-2020,Bill,"777,517.75",00.00,"917,400.22"
26-Oct-2020,NEFT,00.00,"183,480.04","733,920.18"
27-Oct-2020,Interest,00.00,"183,480.05","550,440.14"
27-Oct-2020,IMPS,07.00,00.00,"550,447.14"
27-Oct-2020,IMPS,00.00,"78,635.31","471,811.83"
27-Oct-2020,Debit Card,"145,485.80",00.00,"617,297.63"
27-Oct-2020,Interest,00.00,"617,297.63",00.00
27-Oct-2020,RTGS,54.60,00.00,54.60
27-Oct-2020,RTGS,01.00,00.00,55.60
27-Oct-2020,Cash,"1,234,058.00",00.00,"1,234,113.60"
27-Oct-2020,Reversal,00.00,"617,056.80","617,056.80"
27-Oct-2020,Purchase,00.00,"77,132.10","539,924.70"
27-Oct-2020,Commission,00.00,"179,974.90","359,949.80"
27-Oct-2020,Debit Card,"2,787.00",00.00,"362,736.80"
27-Oct-2020,IMPS,00.00,"36,273.68","326,463.12"
27-Oct-2020,Reversal,00.00,"65,292.62","261,170.50"
27-Oct-2020,ATM,"11,991.00",00.00,"273,161.50"
27-Oct-2020,IMPS,00.00,"136,580.75","136,580.75"
27-Oct-2020,Cheque,"8,575.49",00.00,"145,156.24"
27-Oct-2020,Purchase,00.00,"24,192.71","120,963.53"
27-Oct-2020,ATM,01.10,00.00,"120,964.63"
27-Oct-2020,Purchase,316.30,00.00,"121,280.93"
27-Oct-2020,RTGS,08.00,00.00,"121,288.93"
27-Oct-2020,Interest,44.80,00.00,"121,333.73"
27-Oct-2020,Cash,00.00,"17,333.39","104,000.34"
27-Oct-2020,Debit Card,42.00,00.00,"104,042.34"
27-Oct-2020,Tax,00.00,"13,005.29","91,037.05"
27-Oct-2020,Bill,00.00,"9,103.71","81,933.34"
27-Oct-2020,Reversal,"10,746.00",00.00,"92,679.34"
27-Oct-2020,Transfer,"27,877.80",00.00,"120,557.14"
27-Oct-2020,Debit Card,00.00,"120,557.14",00.00
27-Oct-2020,Debit Card,"17,952.70",00.00,"17,952.70"
27-Oct-2020,Commission,257.64,00.00,"18,210.34"
27-Oct-2020,Transfer,"1,678,667.50",00.00,"1,696,877.84"
27-Oct-2020,NEFT,118.00,00.00,"1,696,995.84"
27-Oct-2020,IMPS,00.00,"848,497.92","848,497.92"
27-Oct-2020,Transfer,00.00,"424,248.96","424,248.96"
27-Oct-2020,Cash,182.50,00.00,"424,431.46"
27-Oct-2020,Purchase,"1,305.97",00.00,"425,737.43"
27-Oct-2020,ATM,00.00,"85,147.49","340,589.94"
27-Oct-2020,Cash,00.00,"48,655.71","291,934.23"
27-Oct-2020,Purchase,"149,756.19",00.00,"441,690.42"
27-Oct-2020,Bill,26.00,00.00,"441,716.42"
27-Oct-2020,Bill,"588,683.00",00.00,"1,030,399.42"
27-Oct-2020,IMPS,118.09,00.00,"1,030,517.51"
27-Oct-2020,Transfer,"419,484.50",00.00,"1,450,002.01"
27-Oct-2020,Debit Card,00.00,"725,001.01","725,001.00"
27-Oct-2020,Purchase,06.00,00.00,"725,007.00"
27-Oct-2020,RTGS,00.00,"181,251.75","543,755.25"
27-Oct-2020,Purchase,00.00,"181,251.75","362,503.50"
27-Oct-2020,Commission,00.00,"90,625.88","271,877.62"
27-Oct-2020,Bill,00.00,"27,187.76","244,689.86"
27-Oct-2020,Commission,"1,407.00",00.00,"246,096.86"
27-Oct-2020,Debit Card,00.00,"82,032.29","164,064.57"
27-Oct-2020,Purchase,00.00,"82,032.29","82,032.28"
27-Oct-2020,Interest,00.00,"13,672.05","68,360.23"
27-Oct-2020,Purchase,00.00,"6,836.02","61,524.21"
27-Oct-2020,Transfer,00.00,"30,762.11","30,762.10"
27-Oct-2020,Debit Card,01.54,00.00,"30,763.64"
27-Oct-2020,Purchase,00.00,"30,763.64",00.00
27-Oct-2020,Cash,296.90,00.00,296.90
27-Oct-2020,Purchase,"1,199,560.50",00.00,"1,199,857.40"
27-Oct-2020,Commission,00.00,"299,964.35","899,893.05"
27-Oct-2020,Reversal,03.00,00.00,"899,896.05"
27-Oct-2020,IMPS,09.00,00.00,"899,905.05"
27-Oct-2020,NEFT,00.00,"299,968.35","599,936.70"
27-Oct-2020,NEFT,00.00,"99,989.45","499,947.25"
27-Oct-2020,Debit Card,00.00,"99,989.45","399,957.80"
27-Oct-2020,Tax,"8,643.00",00.00,"408,600.80"
27-Oct-2020,Cheque,00.00,"68,100.13","340,500.67"
27-Oct-2020,Transfer,00.00,"48,642.95","291,857.72"
27-Oct-2020,Debit Card,"1,610,488.00",00.00,"1,902,345.72"
27-Oct-2020,Reversal,00.00,"190,234.57","1,712,111.15"
27-Oct-2020,Reversal,00.00,"428,027.79","1,284,083.36"
27-Oct-2020,Transfer,00.00,"428,027.79","856,055.57"
27-Oct-2020,ATM,"19,205.55",00.00,"875,261.12"
27-Oct-2020,Debit Card,00.00,"87,526.11","787,735.01"
27-Oct-2020,Miscellaneous,00.00,"87,526.11","700,208.90"
27-Oct-2020,Interest,"1,268,972.00",00.00,"1,969,180.90"
27-Oct-2020,Transfer,"1,512,814.00",00.00,"3,481,994.90"
27-Oct-2020,RTGS,00.00,"580,332.48","2,901,662.42"
27-Oct-2020,Bill,05.00,00.00,"2,901,667.42"
27-Oct-2020,Cash,"4,892.20",00.00,"2,906,559.62"
27-Oct-2020,Reversal,00.00,"290,655.96","2,615,903.66"
27-Oct-2020,Tax,"1,092,828.80",00.00,"3,708,732.46"
27-Oct-2020,Bill,00.00,"1,854,366.23","1,854,366.23"
27-Oct-2020,Bill,06.50,00.00,"1,854,372.73"
27-Oct-2020,NEFT,00.00,"463,593.18","1,390,779.55"
27-Oct-2020,Bill,19.67,00.00,"1,390,799.22"
27-Oct-2020,Purchase,00.00,"154,533.25","1,236,265.97"
27-Oct-2020,Interest,00.00,"176,609.42","1,059,656.55"
27-Oct-2020,RTGS,138.70,00.00,"1,059,795.25"
27-Oct-2020,Purchase,64.00,00.00,"1,059,859.25"
27-Oct-2020,Bill,00.00,"132,482.41","927,376.84"
27-Oct-2020,Bill,"4,724.90",00.00,"932,101.74"
27-Oct-2020,Reversal,"47,547.25",00.00,"979,648.99"
27-Oct-2020,Transfer,"8,590.72",00.00,"988,239.71"
27-Oct-2020,Reversal,220.00,00.00,"988,459.71"
27-Oct-2020,Tax,"3,495.40",00.00,"991,955.11"
27-Oct-2020,Bill,"2,777.01",00.00,"994,732.12"
27-Oct-2020,Transfer,00.00,"124,341.52","870,390.60"
28-Oct-2020,Miscellaneous,"1,928,566.50",00.00,"2,798,957.10"
28-Oct-2020,Reversal,00.00,"349,869.64","2,449,087.46"
28-Oct-2020,Transfer,00.00,"306,135.93","2,142,951.53"
28-Oct-2020,Tax,"20,759.90",00.00,"2,163,711.43"
29-Oct-2020,ATM,"17,306.00",00.00,"2,181,017.43"
29-Oct-2020,Miscellaneous,00.00,"436,203.49","1,744,813.94"
29-Oct-2020,Cheque,"114,151.00",00.00,"1,858,964.94"
29-Oct-2020,Interest,"64,053.84",00.00,"1,923,018.78"
29-Oct-2020,Interest,"1,071.65",00.00,"1,924,090.43"
29-Oct-2020,Miscellaneous,00.00,"1,924,090.43",00.00
29-Oct-2020,Debit Card,"172,102.00",00.00,"172,102.00"
29-Oct-2020,Miscellaneous,"10,120.00",00.00,"182,222.00"
29-Oct-2020,Cash,00.00,"45,555.50","136,666.50"
29-Oct-2020,Tax,"1,144,487.00",00.00,"1,281,153.50"
29-Oct-2020,Debit Card,44.00,00.00,"1,281,197.50"
29-Oct-2020,Tax,03.38,00.00,"1,281,200.88"
29-Oct-2020,RTGS,327.98,00.00,"1,281,528.86"
29-Oct-2020,Cash,"18,866.00",00.00,"1,300,394.86"
29-Oct-2020,Debit Card,00.00,"433,464.95","866,929.91"
29-Oct-2020,IMPS,"1,065,096.00",00.00,"1,932,025.91"
29-Oct-2020,Cash,"1,279.62",00.00,"1,933,305.53"
29-Oct-2020,ATM,00.00,"241,663.19","1,691,642.34"
29-Oct-2020,Transfer,"888,103.00",00.00,"2,579,745.34"
29-Oct-2020,Reversal,"10,394.90",00.00,"2,590,140.24"
29-Oct-2020,Commission,00.00,"1,295,070.12","1,295,070.12"
29-Oct-2020,IMPS,00.00,"323,767.53","971,302.59"
29-Oct-2020,Commission,"3,142.30",00.00,"974,444.89"
29-Oct-2020,RTGS,07.40,00.00,"974,452.29"
30-Oct-2020,RTGS,"440,659.50",00.00,"1,415,111.79"
30-Oct-2020,Transfer,"2,295.00",00.00,"1,417,406.79"
30-Oct-2020,IMPS,"128,443.62",00.00,"1,545,850.41"
30-Oct-2020,Commission,"531,712.80",00.00,"2,077,563.21"
30-Oct-2020,Bill,92.74,00.00,"2,077,655.95"
30-Oct-2020,Commission,00.00,"519,413.99","1,558,241.96"
30-Oct-2020,Purchase,942.00,00.00,"1,559,183.96"
30-Oct-2020,Purchase,00.00,"259,863.99","1,299,319.97"
30-Oct-2020,NEFT,00.00,00.00,"1,299,319.97"
30-Oct-2020,Cheque,00.00,"162,415.00","1,136,904.97"
30-Oct-2020,Transfer,00.00,"189,484.16","947,420.81"
30-Oct-2020,Transfer,06.40,00.00,"947,427.21"
31-Oct-2020,Cheque,02.43,00.00,"947,429.64"
31-Oct-2020,Cash,00.00,"473,714.82","473,714.82"
31-Oct-2020,Tax,00.00,"78,952.47","394,762.35"
31-Oct-2020,Tax,"16,044.00",00.00,"410,806.35"
31-Oct-2020,Purchase,00.00,"41,080.64","369,725.72"
31-Oct-2020,IMPS,15.60,00.00,"369,741.32"
31-Oct-2020,Cheque,"488,137.00",00.00,"857,878.32"
31-Oct-2020,RTGS,"208,929.60",00.00,"1,066,807.92"
31-Oct-2020,Tax,"1,576.99",00.00,"1,068,384.91"
31-Oct-2020,Interest,00.00,"356,128.30","712,256.61"
01-Nov-2020,Transfer,00.00,"71,225.66","641,030.95"
01-Nov-2020,RTGS,18.00,00.00,"641,048.95"
01-Nov-2020,IMPS,28.00,00.00,"641,076.95"
01-Nov-2020,ATM,00.00,"160,269.24","480,807.71"
01-Nov-2020,Miscellaneous,"1,003.00",00.00,"481,810.71"
02-Nov-2020,NEFT,00.00,"120,452.68","361,358.03"
02-Nov-2020,Transfer,00.00,"60,226.34","301,131.69"
02-Nov-2020,Interest,292.00,00.00,"301,423.69"
02-Nov-2020,Purchase,00.00,"33,491.52","267,932.17"
02-Nov-2020,Bill,"152,532.72",00.00,"420,464.89"
02-Nov-2020,Miscellaneous,02.39,00.00,"420,467.28"
02-Nov-2020,ATM,06.00,00.00,"420,473.28"
02-Nov-2020,ATM,"172,598.62",00.00,"593,071.90"
02-Nov-2020,Commission,00.00,"84,724.56","508,347.34"
02-Nov-2020,Miscellaneous,00.00,"508,347.34",00.00
02-Nov-2020,Tax,02.00,00.00,02.00
02-Nov-2020,RTGS,00.00,00.22,01.78
02-Nov-2020,ATM,00.00,00.45,01.34
02-Nov-2020,Reversal,"1,938.60",00.00,"1,939.94"
02-Nov-2020,Debit Card,"1,857,073.20",00.00,"1,859,013.14"
02-Nov-2020,Tax,"3,137.46",00.00,"1,862,150.60"
02-Nov-2020,Interest,00.00,"372,430.12","1,489,720.48"
02-Nov-2020,Commission,"1,439,740.50",00.00,"2,929,460.98"
02-Nov-2020,Miscellaneous,"187,030.50",00.00,"3,116,491.48"
02-Nov-2020,NEFT,"3,958.98",00.00,"3,120,450.46"
02-Nov-2020,Cash,"1,678,385.75",00.00,"4,798,836.21"
02-Nov-2020,Miscellaneous,01.55,00.00,"4,798,837.76"
02-Nov-2020,ATM,08.00,00.00,"4,798,845.76"
02-Nov-2020,Purchase,00.00,"2,399,422.88","2,399,422.88"
02-Nov-2020,Reversal,00.00,"599,855.72","1,799,567.16"
02-Nov-2020,Reversal,00.00,"899,783.58","899,783.58"
02-Nov-2020,NEFT,00.00,"149,963.93","749,819.65"
02-Nov-2020,Interest,02.19,00.00,"749,821.84"
02-Nov-2020,Commission,00.00,"187,455.46","562,366.38"
02-Nov-2020,Debit Card,00.00,"56,236.64","506,129.74"
02-Nov-2020,Bill,00.00,"168,709.91","337,419.83"
02-Nov-2020,Cheque,03.90,00.00,"337,423.73"
02-Nov-2020,Cash,"22,908.00",00.00,"360,331.73"
02-Nov-2020,Reversal,00.00,"51,475.96","308,855.77"
02-Nov-2020,Bill,"1,380,608.00",00.00,"1,689,463.77"
02-Nov-2020,Interest,116.10,00.00,"1,689,579.87"
02-Nov-2020,Debit Card,00.00,"211,197.48","1,478,382.39"
02-Nov-2020,Reversal,00.00,"295,676.48","1,182,705.91"
02-Nov-2020,Reversal,00.00,"394,235.30","788,470.61"
02-Nov-2020,Reversal,00.00,"78,847.06","709,623.55"
02-Nov-2020,Interest,00.00,"101,374.79","608,248.76"
02-Nov-2020,Tax,212.00,00.00,"608,460.76"
02-Nov-2020,Debit Card,00.00,"304,230.38","304,230.38"
02-Nov-2020,Bill,31.55,00.00,"304,261.93"
02-Nov-2020,Cash,"28,909.06",00.00,"333,170.99"
02-Nov-2020,Bill,"22,658.00",00.00,"355,828.99"
02-Nov-2020,Transfer,00.00,"50,832.71","304,996.28"
02-Nov-2020,Reversal,"24,483.00",00.00,"329,479.28"
02-Nov-2020,Purchase,00.00,"41,184.91","288,294.37"
02-Nov-2020,Purchase,"5,249.00",00.00,"293,543.37"
02-Nov-2020,IMPS,00.00,"58,708.67","234,834.70"
02-Nov-2020,Commission,"32,451.00",00.00,"267,285.70"
02-Nov-2020,Reversal,507.33,00.00,"267,793.03"
02-Nov-2020,ATM,"1,895,344.00",00.00,"2,163,137.03"
02-Nov-2020,Miscellaneous,279.30,00.00,"2,163,416.33"
02-Nov-2020,Debit Card,00.00,"432,683.27","1,730,733.06"
02-Nov-2020,Bill,00.00,"173,073.31","1,557,659.75"
02-Nov-2020,Commission,"2,903.30",00.00,"1,560,563.05"
02-Nov-2020,Reversal,00.00,"520,187.68","1,040,375.37"
03-Nov-2020,Transfer,00.00,"115,597.26","924,778.11"
03-Nov-2020,Cheque,32.89,00.00,"924,811.00"
03-Nov-2020,Bill,"1,185,094.00",00.00,"2,109,905.00"
03-Nov-2020,Cheque,00.00,"1,054,952.50","1,054,952.50"
03-Nov-2020,Cheque,00.00,"117,216.94","937,735.56"
03-Nov-2020,Cheque,"8,412.00",00.00,"946,147.56"
03-Nov-2020,ATM,"5,422.00",00.00,"951,569.56"
03-Nov-2020,Tax,21.06,00.00,"951,590.62"
03-Nov-2020,ATM,"157,479.20",00.00,"1,109,069.82"
03-Nov-2020,Interest,616.00,00.00,"1,109,685.82"
03-Nov-2020,Debit Card,"851,291.50",00.00,"1,960,977.32"
03-Nov-2020,Reversal,"4,020.12",00.00,"1,964,997.44"
03-Nov-2020,Debit Card,33.09,00.00,"1,965,030.53"
03-Nov-2020,RTGS,"32,045.10",00.00,"1,997,075.63"
04-Nov-2020,Purchase,00.00,"221,897.29","1,775,178.34"
04-Nov-2020,Transfer,"1,810,302.20",00.00,"3,585,480.54"
04-Nov-2020,Tax,"209,638.00",00.00,"3,795,118.54"
04-Nov-2020,Reversal,"1,782,363.75",00.00,"5,577,482.29"
04-Nov-2020,Cash,208.20,00.00,"5,577,690.49"
04-Nov-2020,IMPS,06.50,00.00,"5,577,696.99"
04-Nov-2020,IMPS,00.00,"1,859,232.33","3,718,464.66"
04-Nov-2020,NEFT,00.00,"464,808.08","3,253,656.58"
04-Nov-2020,Debit Card,30.00,00.00,"3,253,686.58"
04-Nov-2020,NEFT,992.90,00.00,"3,254,679.48"
04-Nov-2020,Miscellaneous,"842,662.00",00.00,"4,097,341.48"
04-Nov-2020,Commission,"3,323.19",00.00,"4,100,664.67"
04-Nov-2020,Debit Card,"3,268.51",00.00,"4,103,933.18"
04-Nov-2020,IMPS,00.00,"586,276.17","3,517,657.01"
04-Nov-2020,Interest,"15,946.10",00.00,"3,533,603.11"
04-Nov-2020,Cash,00.00,"1,177,867.70","2,355,735.41"
04-Nov-2020,NEFT,"206,624.31",00.00,"2,562,359.72"
04-Nov-2020,ATM,00.80,00.00,"2,562,360.52"
04-Nov-2020,Bill,00.00,"427,060.09","2,135,300.43"
04-Nov-2020,Transfer,00.00,"427,060.09","1,708,240.34"
04-Nov-2020,Cash,00.00,"1,708,240.34",00.00
04-Nov-2020,IMPS,"197,989.70",00.00,"197,989.70"
04-Nov-2020,Tax,00.00,"65,996.57","131,993.13"
04-Nov-2020,Cheque,00.00,"16,499.14","115,493.99"
04-Nov-2020,Tax,60.00,00.00,"115,553.99"
04-Nov-2020,Interest,00.00,"28,888.50","86,665.49"
04-Nov-2020,Tax,00.00,"10,833.19","75,832.30"
04-Nov-2020,ATM,00.00,"12,638.72","63,193.58"
04-Nov-2020,RTGS,472.90,00.00,"63,666.48"
04-Nov-2020,Miscellaneous,00.00,"9,095.21","54,571.27"
04-Nov-2020,Commission,00.00,"6,063.47","48,507.80"
04-Nov-2020,Bill,27.00,00.00,"48,534.80"
04-Nov-2020,IMPS,"1,067.00",00.00,"49,601.80"
04-Nov-2020,Transfer,04.31,00.00,"49,606.11"
04-Nov-2020,RTGS,00.00,"8,267.69","41,338.43"
04-Nov-2020,RTGS,00.00,"41,338.43",00.00
05-Nov-2020,Reversal,23.60,00.00,23.60
05-Nov-2020,Commission,"2,331.89",00.00,"2,355.49"
05-Nov-2020,Reversal,00.00,"2,355.49",00.00
05-Nov-2020,Bill,"3,731.10",00.00,"3,731.10"
05-Nov-2020,NEFT,00.00,932.78,"2,798.32"
05-Nov-2020,Purchase,00.00,399.76,"2,398.56"
05-Nov-2020,Cash,61.00,00.00,"2,459.56"
05-Nov-2020,Transfer,00.00,"2,459.56",00.00
05-Nov-2020,RTGS,"1,314,399.50",00.00,"1,314,399.50"
05-Nov-2020,ATM,00.00,00.00,"1,314,399.50"
05-Nov-2020,Cheque,"2,593.10",00.00,"1,316,992.60"
05-Nov-2020,Cheque,00.00,"1,316,992.60",00.00
05-Nov-2020,Transfer,01.17,00.00,01.17
06-Nov-2020,Cheque,06.79,00.00,07.96
06-Nov-2020,ATM,00.00,07.96,00.00
07-Nov-2020,IMPS,00.17,00.00,00.17
07-Nov-2020,NEFT,11.30,00.00,11.47
07-Nov-2020,NEFT,436.80,00.00,448.27
07-Nov-2020,Interest,00.00,149.42,298.85
07-Nov-2020,Transfer,00.00,33.21,265.64
07-Nov-2020,ATM,05.00,00.00,270.64
07-Nov-2020,Cash,00.00,54.13,216.51
07-Nov-2020,Reversal,"101,341.20",00.00,"101,557.71"
07-Nov-2020,NEFT,"193,632.70",00.00,"295,190.41"
07-Nov-2020,Purchase,48.10,00.00,"295,238.51"
07-Nov-2020,Interest,00.00,"29,523.85","265,714.66"
07-Nov-2020,Purchase,07.00,00.00,"265,721.66"
07-Nov-2020,Miscellaneous,05.60,00.00,"265,727.26"
07-Nov-2020,Tax,00.00,"88,575.75","177,151.51"
07-Nov-2020,Reversal,00.00,"29,525.25","147,626.26"
07-Nov-2020,Tax,263.10,00.00,"147,889.36"
07-Nov-2020,Commission,07.20,00.00,"147,896.56"
07-Nov-2020,Reversal,00.00,"36,974.14","110,922.42"
07-Nov-2020,IMPS,00.00,"55,461.21","55,461.21"
07-Nov-2020,ATM,00.00,"5,546.12","49,915.09"
07-Nov-2020,IMPS,00.00,"24,957.55","24,957.54"
07-Nov-2020,Interest,00.00,"3,565.36","21,392.18"
07-Nov-2020,Reversal,00.00,"3,056.03","18,336.15"
07-Nov-2020,Transfer,00.00,"4,584.04","13,752.11"
07-Nov-2020,Debit Card,00.00,"3,438.03","10,314.08"
07-Nov-2020,Transfer,00.00,"5,157.04","5,157.04"
07-Nov-2020,Debit Card,04.10,00.00,"5,161.14"
07-Nov-2020,Reversal,00.00,516.11,"4,645.03"
07-Nov-2020,NEFT,00.00,"4,645.03",00.00
07-Nov-2020,Interest,"1,115,570.50",00.00,"1,115,570.50"
07-Nov-2020,Debit Card,00.00,"371,856.83","743,713.67"
07-Nov-2020,Tax,00.00,"371,856.84","371,856.84"
07-Nov-2020,Reversal,00.00,"41,317.43","330,539.41"
07-Nov-2020,Transfer,00.00,"47,219.92","283,319.49"
07-Nov-2020,Purchase,00.00,"141,659.75","141,659.74"
08-Nov-2020,Transfer,"166,918.90",00.00,"308,578.64"
08-Nov-2020,Interest,00.00,"77,144.66","231,433.98"
08-Nov-2020,IMPS,"233,608.50",00.00,"465,042.48"
08-Nov-2020,Purchase,00.00,"116,260.62","348,781.86"
08-Nov-2020,Bill,00.00,"116,260.62","232,521.24"
08-Nov-2020,Interest,"870,429.75",00.00,"1,102,950.99"
09-Nov-2020,ATM,327.00,00.00,"1,103,277.99"
09-Nov-2020,Cheque,00.00,"137,909.75","965,368.24"
09-Nov-2020,Cheque,01.00,00.00,"965,369.24"
09-Nov-2020,ATM,00.00,"160,894.87","804,474.37"
09-Nov-2020,RTGS,"23,591.00",00.00,"828,065.37"
09-Nov-2020,Cash,02.40,00.00,"828,067.77"
09-Nov-2020,Cheque,"110,391.00",00.00,"938,458.77"
09-Nov-2020,Interest,00.00,"93,845.88","844,612.89"
09-Nov-2020,Cheque,00.00,"844,612.89",00.00
10-Nov-2020,Purchase,"244,549.00",00.00,"244,549.00"
10-Nov-2020,Transfer,00.00,"34,935.57","209,613.43"
10-Nov-2020,NEFT,12.00,00.00,"209,625.43"
10-Nov-2020,NEFT,00.00,"20,962.54","188,662.89"
10-Nov-2020,Cheque,00.00,"23,582.86","165,080.03"
10-Nov-2020,RTGS,"15,152.72",00.00,"180,232.75"
10-Nov-2020,Cheque,00.00,"30,038.79","150,193.96"
10-Nov-2020,RTGS,"23,073.94",00.00,"173,267.90"
10-Nov-2020,Cheque,00.00,"21,658.49","151,609.41"
10-Nov-2020,Reversal,00.00,"18,951.18","132,658.23"
10-Nov-2020,Commission,00.00,"13,265.82","119,392.41"
10-Nov-2020,NEFT,44.60,00.00,"119,437.01"
10-Nov-2020,ATM,00.00,"119,437.01",00.00
10-Nov-2020,Tax,"1,238,308.00",00.00,"1,238,308.00"
10-Nov-2020,IMPS,00.00,"154,788.50","1,083,519.50"
10-Nov-2020,Cash,00.00,"361,173.17","722,346.33"
10-Nov-2020,Miscellaneous,00.00,"120,391.06","601,955.27"
10-Nov-2020,Cheque,"58,178.00",00.00,"660,133.27"
10-Nov-2020,Transfer,00.00,"660,133.27",00.00
10-Nov-2020,Miscellaneous,"6,556.06",00.00,"6,556.06"
10-Nov-2020,Reversal,00.00,728.45,"5,827.61"
10-Nov-2020,Purchase,00.00,"1,942.54","3,885.07"
10-Nov-2020,NEFT,"90,790.72",00.00,"94,675.79"
10-Nov-2020,Debit Card,00.00,"23,668.95","71,006.84"
11-Nov-2020,Interest,"179,411.40",00.00,"250,418.24"
11-Nov-2020,ATM,01.20,00.00,"250,419.44"
11-Nov-2020,ATM,00.00,"27,824.38","222,595.06"
11-Nov-2020,Cash,156.00,00.00,"222,751.06"
11-Nov-2020,NEFT,00.00,"55,687.77","167,063.29"
12-Nov-2020,Cash,"60,048.00",00.00,"227,111.29"
12-Nov-2020,Miscellaneous,00.00,"113,555.65","113,555.64"
12-Nov-2020,NEFT,02.00,00.00,"113,557.64"
12-Nov-2020,NEFT,"9,208.00",00.00,"122,765.64"
12-Nov-2020,Cheque,416.00,00.00,"123,181.64"
12-Nov-2020,Cheque,"3,049.20",00.00,"126,230.84"
12-Nov-2020,Tax,00.00,"63,115.42","63,115.42"
12-Nov-2020,Interest,00.00,"7,889.43","55,225.99"
12-Nov-2020,Bill,00.00,"5,522.60","49,703.39"
12-Nov-2020,RTGS,00.00,"12,425.85","37,277.54"
12-Nov-2020,Purchase,"7,225.62",00.00,"44,503.16"
12-Nov-2020,Bill,00.00,"7,417.19","37,085.97"
12-Nov-2020,Reversal,00.00,"4,635.75","32,450.22"
12-Nov-2020,RTGS,00.00,"4,635.75","27,814.47"
12-Nov-2020,NEFT,"101,964.31",00.00,"129,778.78"
12-Nov-2020,Cheque,00.00,"12,977.88","116,800.90"
12-Nov-2020,Transfer,00.00,"116,800.90",00.00
12-Nov-2020,RTGS,"2,205.00",00.00,"2,205.00"
12-Nov-2020,Cheque,00.00,275.63,"1,929.38"
12-Nov-2020,Debit Card,298.10,00.00,"2,227.48"
12-Nov-2020,Reversal,46.50,00.00,"2,273.98"
12-Nov-2020,Purchase,364.47,00.00,"2,638.45"
12-Nov-2020,Commission,00.00,"1,319.23","1,319.22"
12-Nov-2020,ATM,00.00,188.46,"1,130.76"
12-Nov-2020,Purchase,00.00,113.08,"1,017.68"
12-Nov-2020,Interest,00.00,339.23,678.45
12-Nov-2020,Debit Card,00.00,113.08,565.38
12-Nov-2020,Cash,00.00,94.23,471.15
13-Nov-2020,Tax,"214,420.00",00.00,"214,891.15"
13-Nov-2020,Tax,00.00,"107,445.58","107,445.58"
13-Nov-2020,ATM,00.00,"13,430.70","94,014.88"
13-Nov-2020,NEFT,00.00,"94,014.88",00.00
13-Nov-2020,Cash,"2,829.62",00.00,"2,829.62"
14-Nov-2020,ATM,00.00,471.60,"2,358.02"
14-Nov-2020,ATM,"2,822.00",00.00,"5,180.02"
14-Nov-2020,ATM,"65,963.00",00.00,"71,143.02"
14-Nov-2020,ATM,00.00,"17,785.76","53,357.26"
14-Nov-2020,Purchase,00.00,"8,892.88","44,464.38"
14-Nov-2020,Tax,"238,412.60",00.00,"282,876.98"
14-Nov-2020,Commission,"152,027.50",00.00,"434,904.48"
14-Nov-2020,Cheque,"1,100,254.00",00.00,"1,535,158.48"
14-Nov-2020,Debit Card,"2,505.90",00.00,"1,537,664.38"
14-Nov-2020,Cheque,147.20,00.00,"1,537,811.58"
14-Nov-2020,Bill,00.00,"219,687.37","1,318,124.21"
14-Nov-2020,Purchase,00.00,"164,765.53","1,153,358.68"
15-Nov-2020,Miscellaneous,"3,465.00",00.00,"1,156,823.68"
15-Nov-2020,Purchase,00.00,"289,205.92","867,617.76"
15-Nov-2020,Cash,402.90,00.00,"868,020.66"
15-Nov-2020,Cash,"103,130.00",00.00,"971,150.66"
15-Nov-2020,Cheque,00.00,"107,905.63","863,245.03"
15-Nov-2020,Reversal,444.00,00.00,"863,689.03"
16-Nov-2020,Miscellaneous,"35,940.66",00.00,"899,629.69"
16-Nov-2020,Transfer,00.00,"99,958.85","799,670.84"
16-Nov-2020,Cheque,00.00,"79,967.08","719,703.76"
16-Nov-2020,Purchase,"523,664.50",00.00,"1,243,368.26"
16-Nov-2020,Debit Card,00.00,"207,228.04","1,036,140.22"
16-Nov-2020,ATM,00.00,"518,070.11","518,070.11"
16-Nov-2020,Interest,"3,987.70",00.00,"522,057.81"
16-Nov-2020,Reversal,00.00,"261,028.91","261,028.90"
16-Nov-2020,Reversal,394.90,00.00,"261,423.80"
16-Nov-2020,NEFT,00.00,"29,047.09","232,376.71"
16-Nov-2020,IMPS,174.00,00.00,"232,550.71"
16-Nov-2020,Tax,"3,826.00",00.00,"236,376.71"
16-Nov-2020,Debit Card,01.00,00.00,"236,377.71"
16-Nov-2020,Commission,"11,281.00",00.00,"247,658.71"
16-Nov-2020,NEFT,00.00,"24,765.87","222,892.84"
16-Nov-2020,Bill,"35,840.00",00.00,"258,732.84"
16-Nov-2020,Cheque,170.00,00.00,"258,902.84"
16-Nov-2020,Debit Card,00.00,"28,766.98","230,135.86"
16-Nov-2020,IMPS,00.00,"46,027.17","184,108.69"
16-Nov-2020,Miscellaneous,09.67,00.00,"184,118.36"
16-Nov-2020,Reversal,"215,343.00",00.00,"399,461.36"
16-Nov-2020,Tax,00.00,"399,461.36",00.00
16-Nov-2020,Interest,08.00,00.00,08.00
16-Nov-2020,Commission,20.07,00.00,28.07
16-Nov-2020,Interest,438.66,00.00,466.73
16-Nov-2020,Interest,03.73,00.00,470.46
16-Nov-2020,Transfer,00.00,156.82,313.64
16-Nov-2020,Commission,02.90,00.00,316.54
17-Nov-2020,Cheque,133.10,00.00,449.64
17-Nov-2020,Purchase,02.30,00.00,451.94
17-Nov-2020,Commission,00.00,90.39,361.55
18-Nov-2020,Bill,00.00,90.39,271.16
18-Nov-2020,Debit Card,00.00,27.12,244.04
18-Nov-2020,IMPS,31.40,00.00,275.44
18-Nov-2020,Cash,00.00,39.35,236.09
18-Nov-2020,Cheque,"15,933.10",00.00,"16,169.19"
18-Nov-2020,Bill,178.00,00.00,"16,347.19"
18-Nov-2020,Cash,00.00,"2,724.53","13,622.66"
18-Nov-2020,Debit Card,00.00,"6,811.33","6,811.33"
18-Nov-2020,ATM,400.00,00.00,"7,211.33"
18-Nov-2020,Reversal,"17,708.40",00.00,"24,919.73"
18-Nov-2020,Tax,"252,809.60",00.00,"277,729.33"
18-Nov-2020,Transfer,493.00,00.00,"278,222.33"
18-Nov-2020,RTGS,"1,961.62",00.00,"280,183.95"
18-Nov-2020,Tax,00.00,"93,394.65","186,789.30"
18-Nov-2020,RTGS,00.00,"31,131.55","155,657.75"
18-Nov-2020,Reversal,00.00,"155,657.75",00.00
18-Nov-2020,ATM,02.70,00.00,02.70
18-Nov-2020,Tax,112.30,00.00,115.00
18-Nov-2020,Purchase,"46,832.00",00.00,"46,947.00"
18-Nov-2020,IMPS,627.40,00.00,"47,574.40"
18-Nov-2020,NEFT,"459,540.50",00.00,"507,114.90"
18-Nov-2020,Commission,00.00,"169,038.30","338,076.60"
18-Nov-2020,ATM,00.00,"169,038.30","169,038.30"
18-Nov-2020,Debit Card,"50,113.22",00.00,"219,151.52"
18-Nov-2020,Cash,00.00,"73,050.51","146,101.01"
18-Nov-2020,Commission,"215,621.90",00.00,"361,722.91"
18-Nov-2020,Cheque,"2,773.00",00.00,"364,495.91"
19-Nov-2020,Cash,"19,480.00",00.00,"383,975.91"
19-Nov-2020,Reversal,561.00,00.00,"384,536.91"
19-Nov-2020,Tax,00.00,"192,268.46","192,268.46"
19-Nov-2020,IMPS,00.00,"38,453.69","153,814.77"
20-Nov-2020,RTGS,01.00,00.00,"153,815.77"
20-Nov-2020,Reversal,00.00,"15,381.58","138,434.19"
20-Nov-2020,Cash,"1,498,709.20",00.00,"1,637,143.39"
20-Nov-2020,Bill,00.00,"545,714.46","1,091,428.93"
20-Nov-2020,NEFT,04.15,00.00,"1,091,433.08"
20-Nov-2020,Miscellaneous,"1,383.13",00.00,"1,092,816.21"
21-Nov-2020,ATM,05.47,00.00,"1,092,821.68"
21-Nov-2020,Reversal,"12,799.00",00.00,"1,105,620.68"
21-Nov-2020,Tax,00.00,"157,945.81","947,674.87"
21-Nov-2020,Commission,110.51,00.00,"947,785.38"
21-Nov-2020,Debit Card,110.30,00.00,"947,895.68"
21-Nov-2020,Interest,"3,880.10",00.00,"951,775.78"
21-Nov-2020,IMPS,00.00,"317,258.59","634,517.19"
21-Nov-2020,Cash,"46,386.81",00.00,"680,904.00"
21-Nov-2020,Bill,"18,567.78",00.00,"699,471.78"
21-Nov-2020,Transfer,00.00,"139,894.36","559,577.42"
21-Nov-2020,Commission,00.00,"93,262.90","466,314.52"
21-Nov-2020,Commission,762.80,00.00,"467,077.32"
21-Nov-2020,Commission,"181,793.00",00.00,"648,870.32"
21-Nov-2020,NEFT,00.00,"648,870.32",00.00
21-Nov-2020,ATM,"1,481.40",00.00,"1,481.40"
21-Nov-2020,RTGS,00.00,493.80,987.60
21-Nov-2020,NEFT,00.00,141.09,846.51
21-Nov-2020,NEFT,00.00,120.93,725.58
21-Nov-2020,Transfer,00.00,725.58,00.00
21-Nov-2020,Interest,"1,250,248.00",00.00,"1,250,248.00"
21-Nov-2020,RTGS,"1,393.00",00.00,"1,251,641.00"
21-Nov-2020,Cash,00.00,"625,820.50","625,820.50"
21-Nov-2020,Reversal,00.00,"89,402.93","536,417.57"
21-Nov-2020,RTGS,28.30,00.00,"536,445.87"
21-Nov-2020,Transfer,"37,489.30",00.00,"573,935.17"
21-Nov-2020,IMPS,06.30,00.00,"573,941.47"
21-Nov-2020,Commission,42.92,00.00,"573,984.39"
21-Nov-2020,RTGS,00.00,"114,796.88","459,187.51"
21-Nov-2020,RTGS,121.00,00.00,"459,308.51"
21-Nov-2020,RTGS,"3,817.60",00.00,"463,126.11"
21-Nov-2020,IMPS,00.00,"154,375.37","308,750.74"
21-Nov-2020,Cheque,"217,683.10",00.00,"526,433.84"
21-Nov-2020,Interest,"1,437.47",00.00,"527,871.31"
21-Nov-2020,NEFT,00.00,"175,957.10","351,914.21"
21-Nov-2020,Cheque,"2,490.71",00.00,"354,404.92"
21-Nov-2020,RTGS,00.00,"118,134.97","236,269.95"
21-Nov-2020,Cash,00.00,"78,756.65","157,513.30"
21-Nov-2020,Cheque,00.00,"26,252.22","131,261.08"
21-Nov-2020,Debit Card,00.00,"26,252.22","105,008.86"
21-Nov-2020,NEFT,00.00,"13,126.11","91,882.75"
21-Nov-2020,Bill,03.51,00.00,"91,886.26"
21-Nov-2020,NEFT,"3,355.00",00.00,"95,241.26"
22-Nov-2020,Interest,00.00,"31,747.09","63,494.17"
22-Nov-2020,ATM,00.00,"6,349.42","57,144.75"
22-Nov-2020,Debit Card,16.65,00.00,"57,161.40"
22-Nov-2020,Transfer,01.80,00.00,"57,163.20"
22-Nov-2020,Interest,00.00,"6,351.47","50,811.73"
22-Nov-2020,ATM,"1,870,788.50",00.00,"1,921,600.23"
22-Nov-2020,Cheque,00.00,"240,200.03","1,681,400.20"
22-Nov-2020,Interest,00.00,"420,350.05","1,261,050.15"
22-Nov-2020,Cheque,00.00,"420,350.05","840,700.10"
22-Nov-2020,Cash,"236,323.90",00.00,"1,077,024.00"
22-Nov-2020,Bill,00.00,"538,512.00","538,512.00"
22-Nov-2020,RTGS,00.00,"89,752.00","448,760.00"
22-Nov-2020,ATM,"7,784.70",00.00,"456,544.70"
22-Nov-2020,NEFT,00.00,"456,544.70",00.00
22-Nov-2020,Miscellaneous,"1,728.54",00.00,"1,728.54"
22-Nov-2020,RTGS,00.00,172.85,"1,555.69"
22-Nov-2020,Bill,00.00,194.46,"1,361.23"
22-Nov-2020,ATM,00.00,226.87,"1,134.36"
22-Nov-2020,ATM,"1,020.80",00.00,"2,155.16"
22-Nov-2020,Interest,00.00,718.39,"1,436.77"
22-Nov-2020,RTGS,06.00,00.00,"1,442.77"
22-Nov-2020,Debit Card,00.00,480.92,961.85
22-Nov-2020,Transfer,01.00,00.00,962.85
22-Nov-2020,RTGS,00.30,00.00,963.15
22-Nov-2020,Cheque,00.00,321.05,642.10
22-Nov-2020,Miscellaneous,"2,105.40",00.00,"2,747.50"
22-Nov-2020,Purchase,00.00,"2,747.50",00.00
22-Nov-2020,RTGS,"1,011,669.00",00.00,"1,011,669.00"
23-Nov-2020,Debit Card,00.00,"168,611.50","843,057.50"
23-Nov-2020,Commission,00.00,"843,057.50",00.00
23-Nov-2020,Purchase,318.70,00.00,318.70
23-Nov-2020,Miscellaneous,03.02,00.00,321.72
23-Nov-2020,Purchase,"3,512.60",00.00,"3,834.32"
23-Nov-2020,Transfer,00.00,426.04,"3,408.28"
23-Nov-2020,Cash,19.00,00.00,"3,427.28"
23-Nov-2020,Purchase,"14,436.17",00.00,"17,863.45"
23-Nov-2020,Tax,00.00,"4,465.86","13,397.59"
23-Nov-2020,NEFT,"1,813,532.00",00.00,"1,826,929.59"
23-Nov-2020,Transfer,"12,047.00",00.00,"1,838,976.59"
23-Nov-2020,IMPS,"3,440.00",00.00,"1,842,416.59"
23-Nov-2020,Debit Card,00.00,"263,202.37","1,579,214.22"
23-Nov-2020,NEFT,07.00,00.00,"1,579,221.22"
23-Nov-2020,Reversal,00.00,"1,579,221.22",00.00
23-Nov-2020,Transfer,357.55,00.00,357.55
23-Nov-2020,Cheque,01.30,00.00,358.85
23-Nov-2020,Debit Card,00.00,51.26,307.59
23-Nov-2020,Cheque,"19,922.91",00.00,"20,230.50"
23-Nov-2020,Cash,"2,423.50",00.00,"22,654.00"
23-Nov-2020,Purchase,72.24,00.00,"22,726.24"
23-Nov-2020,Commission,00.00,"2,272.62","20,453.62"
23-Nov-2020,NEFT,256.19,00.00,"20,709.81"
23-Nov-2020,ATM,00.00,"20,709.81",00.00
23-Nov-2020,Cash,04.00,00.00,04.00
23-Nov-2020,Miscellaneous,00.00,00.80,03.20
23-Nov-2020,Tax,"179,716.00",00.00,"179,719.20"
23-Nov-2020,Debit Card,"1,682.00",00.00,"181,401.20"
23-Nov-2020,RTGS,00.10,00.00,"181,401.30"
23-Nov-2020,Miscellaneous,00.00,"20,155.70","161,245.60"
23-Nov-2020,ATM,14.06,00.00,"161,259.66"
23-Nov-2020,Commission,00.00,"26,876.61","134,383.05"
23-Nov-2020,Cheque,02.00,00.00,"134,385.05"
23-Nov-2020,Tax,"1,449,118.50",00.00,"1,583,503.55"
23-Nov-2020,Cheque,"1,545,734.25",00.00,"3,129,237.80"
23-Nov-2020,Commission,00.00,"347,693.09","2,781,544.71"
23-Nov-2020,Commission,"50,188.47",00.00,"2,831,733.18"
23-Nov-2020,Cheque,00.00,"471,955.53","2,359,777.65"
23-Nov-2020,Cash,00.00,"235,977.77","2,123,799.88"
23-Nov-2020,Bill,00.00,"424,759.98","1,699,039.90"
23-Nov-2020,Interest,"1,476,374.75",00.00,"3,175,414.65"
23-Nov-2020,RTGS,00.00,"317,541.47","2,857,873.18"
23-Nov-2020,Tax,00.00,"1,428,936.59","1,428,936.59"
23-Nov-2020,Commission,523.70,00.00,"1,429,460.29"
23-Nov-2020,Transfer,"1,905,257.80",00.00,"3,334,718.09"
23-Nov-2020,Cheque,"10,351.20",00.00,"3,345,069.29"
23-Nov-2020,Cheque,"184,338.00",00.00,"3,529,407.29"
23-Nov-2020,Interest,00.00,"882,351.82","2,647,055.47"
23-Nov-2020,NEFT,00.00,"330,881.93","2,316,173.54"
23-Nov-2020,Interest,15.67,00.00,"2,316,189.21"
23-Nov-2020,ATM,00.00,"386,031.54","1,930,157.68"
23-Nov-2020,Reversal,00.00,"275,736.81","1,654,420.87"
23-Nov-2020,Cash,00.00,"236,345.84","1,418,075.03"
23-Nov-2020,Cheque,36.00,00.00,"1,418,111.03"
23-Nov-2020,Cash,00.00,"177,263.88","1,240,847.15"
23-Nov-2020,Purchase,00.00,"124,084.72","1,116,762.43"
23-Nov-2020,Commission,"1,083,426.75",00.00,"2,200,189.18"
23-Nov-2020,Debit Card,00.00,"1,100,094.59","1,100,094.59"
23-Nov-2020,Purchase,436.00,00.00,"1,100,530.59"
23-Nov-2020,Cheque,"2,541.41",00.00,"1,103,072.00"
23-Nov-2020,Miscellaneous,"3,983.00",00.00,"1,107,055.00"
23-Nov-2020,ATM,00.00,"1,107,055.00",00.00
23-Nov-2020,Cheque,"2,353.70",00.00,"2,353.70"
23-Nov-2020,Tax,00.00,470.74,"1,882.96"
23-Nov-2020,Interest,"529,512.80",00.00,"531,395.76"
23-Nov-2020,Tax,00.00,"88,565.96","442,829.80"
23-Nov-2020,Transfer,01.33,00.00,"442,831.13"
23-Nov-2020,Bill,00.00,"442,831.13",00.00
23-Nov-2020,RTGS,"253,679.00",00.00,"253,679.00"
23-Nov-2020,Debit Card,389.75,00.00,"254,068.75"
23-Nov-2020,Reversal,00.00,"25,406.88","228,661.88"
23-Nov-2020,Miscellaneous,00.00,"228,661.88",00.00
23-Nov-2020,Interest,"18,252.70",00.00,"18,252.70"
23-Nov-2020,Cash,00.00,"2,028.08","16,224.62"
23-Nov-2020,Miscellaneous,"29,124.07",00.00,"45,348.69"
23-Nov-2020,Reversal,00.00,"7,558.12","37,790.58"
23-Nov-2020,IMPS,00.00,"4,723.82","33,066.76"
23-Nov-2020,Purchase,00.00,"3,306.68","29,760.08"
23-Nov-2020,Miscellaneous,00.00,"2,976.01","26,784.07"
23-Nov-2020,Cash,00.00,"8,928.02","17,856.05"
23-Nov-2020,Bill,02.04,00.00,"17,858.09"
23-Nov-2020,Reversal,07.60,00.00,"17,865.69"
23-Nov-2020,Cheque,"1,373,674.00",00.00,"1,391,539.69"
23-Nov-2020,Tax,00.00,"198,791.38","1,192,748.31"
23-Nov-2020,Transfer,00.00,"132,527.59","1,060,220.72"
23-Nov-2020,Bill,"5,783.69",00.00,"1,066,004.41"
23-Nov-2020,Cash,"23,609.21",00.00,"1,089,613.62"
23-Nov-2020,Purchase,"27,562.61",00.00,"1,117,176.23"
23-Nov-2020,Purchase,"1,716.00",00.00,"1,118,892.23"
23-Nov-2020,Bill,00.00,"111,889.22","1,007,003.01"
23-Nov-2020,IMPS,00.00,"251,750.75","755,252.26"
23-Nov-2020,Transfer,"28,393.00",00.00,"783,645.26"
23-Nov-2020,NEFT,485.00,00.00,"784,130.26"
23-Nov-2020,Purchase,"3,207.00",00.00,"787,337.26"
23-Nov-2020,Cheque,00.00,"87,481.92","699,855.34"
23-Nov-2020,Reversal,"251,243.60",00.00,"951,098.94"
23-Nov-2020,Reversal,"12,282.00",00.00,"963,380.94"
23-Nov-2020,Bill,00.00,"321,126.98","642,253.96"
23-Nov-2020,Transfer,"30,694.78",00.00,"672,948.74"
23-Nov-2020,Cheque,"197,957.00",00.00,"870,905.74"
23-Nov-2020,Debit Card,"3,835.00",00.00,"874,740.74"
23-Nov-2020,Reversal,"49,389.00",00.00,"924,129.74"
23-Nov-2020,Bill,00.80,00.00,"924,130.54"
23-Nov-2020,NEFT,54.00,00.00,"924,184.54"
23-Nov-2020,IMPS,05.57,00.00,"924,190.11"
23-Nov-2020,Transfer,"1,342.57",00.00,"925,532.68"
23-Nov-2020,RTGS,00.00,"231,383.17","694,149.51"
23-Nov-2020,IMPS,00.00,"231,383.17","462,766.34"
23-Nov-2020,Reversal,00.00,"462,766.34",00.00
24-Nov-2020,RTGS,30.00,00.00,30.00
24-Nov-2020,Debit Card,00.00,06.00,24.00
24-Nov-2020,Reversal,00.00,24.00,00.00
24-Nov-2020,Interest,"434,828.80",00.00,"434,828.80"
24-Nov-2020,ATM,"38,639.30",00.00,"473,468.10"
24-Nov-2020,RTGS,00.00,"67,638.30","405,829.80"
24-Nov-2020,Purchase,00.00,"57,975.69","347,854.11"
24-Nov-2020,Transfer,00.00,"43,481.76","304,372.35"
24-Nov-2020,NEFT,426.00,00.00,"304,798.35"
24-Nov-2020,Cheque,"49,661.00",00.00,"354,459.35"
24-Nov-2020,Miscellaneous,"767,103.00",00.00,"1,121,562.35"
24-Nov-2020,ATM,"32,193.30",00.00,"1,153,755.65"
24-Nov-2020,Transfer,400.00,00.00,"1,154,155.65"
24-Nov-2020,Reversal,"245,117.00",00.00,"1,399,272.65"
24-Nov-2020,Tax,689.00,00.00,"1,399,961.65"
24-Nov-2020,ATM,00.00,"199,994.52","1,199,967.13"
24-Nov-2020,Tax,00.00,"133,329.68","1,066,637.45"
24-Nov-2020,Commission,00.00,"118,515.27","948,122.18"
24-Nov-2020,ATM,00.00,"105,346.91","842,775.27"
24-Nov-2020,ATM,00.00,"210,693.82","632,081.45"
24-Nov-2020,Debit Card,00.00,"105,346.91","526,734.54"
24-Nov-2020,Miscellaneous,00.00,"131,683.64","395,050.90"
24-Nov-2020,Transfer,00.00,"56,435.84","338,615.06"
24-Nov-2020,Bill,00.00,"37,623.90","300,991.16"
24-Nov-2020,Debit Card,00.00,"42,998.74","257,992.42"
24-Nov-2020,NEFT,375.80,00.00,"258,368.22"
24-Nov-2020,Cash,00.00,"32,296.03","226,072.19"
24-Nov-2020,IMPS,00.00,"25,119.13","200,953.06"
24-Nov-2020,Reversal,00.00,"100,476.53","100,476.53"
24-Nov-2020,Debit Card,123.89,00.00,"100,600.42"
24-Nov-2020,Miscellaneous,07.00,00.00,"100,607.42"
24-Nov-2020,Cash,"114,102.22",00.00,"214,709.64"
24-Nov-2020,RTGS,"182,651.00",00.00,"397,360.64"
24-Nov-2020,Bill,16.46,00.00,"397,377.10"
24-Nov-2020,Interest,00.00,"56,768.16","340,608.94"
24-Nov-2020,RTGS,03.10,00.00,"340,612.04"
24-Nov-2020,Bill,03.00,00.00,"340,615.04"
24-Nov-2020,Debit Card,00.00,"113,538.35","227,076.69"
24-Nov-2020,ATM,07.00,00.00,"227,083.69"
24-Nov-2020,Debit Card,00.00,"25,231.52","201,852.17"
24-Nov-2020,Commission,00.00,"33,642.03","168,210.14"
24-Nov-2020,Transfer,00.00,"18,690.02","149,520.12"
24-Nov-2020,RTGS,00.00,"37,380.03","112,140.09"
24-Nov-2020,Interest,00.00,"11,214.01","100,926.08"
24-Nov-2020,Cheque,00.00,"25,231.52","75,694.56"
24-Nov-2020,Reversal,00.00,"18,923.64","56,770.92"
24-Nov-2020,Reversal,"1,535,970.00",00.00,"1,592,740.92"
24-Nov-2020,Purchase,00.00,"159,274.09","1,433,466.83"
24-Nov-2020,IMPS,00.00,"143,346.68","1,290,120.15"
24-Nov-2020,Cheque,01.60,00.00,"1,290,121.75"
24-Nov-2020,IMPS,"3,309.53",00.00,"1,293,431.28"
24-Nov-2020,Purchase,00.00,"129,343.13","1,164,088.15"
24-Nov-2020,Cheque,00.00,"291,022.04","873,066.11"
24-Nov-2020,Purchase,00.00,"145,511.02","727,555.09"
24-Nov-2020,Cheque,03.39,00.00,"727,558.48"
24-Nov-2020,Tax,"118,168.47",00.00,"845,726.95"
24-Nov-2020,Bill,00.00,"105,715.87","740,011.08"
25-Nov-2020,Interest,00.00,"92,501.39","647,509.69"
25-Nov-2020,Cheque,27.05,00.00,"647,536.74"
25-Nov-2020,RTGS,00.00,"71,948.53","575,588.21"
26-Nov-2020,Commission,00.00,"575,588.21",00.00
26-Nov-2020,Bill,"11,651.00",00.00,"11,651.00"
26-Nov-2020,Cash,399.00,00.00,"12,050.00"
26-Nov-2020,Tax,00.00,"1,506.25","10,543.75"
26-Nov-2020,RTGS,"1,472.59",00.00,"12,016.34"
26-Nov-2020,Miscellaneous,"863,983.00",00.00,"875,999.34"
26-Nov-2020,Commission,00.00,"125,142.76","750,856.58"
26-Nov-2020,Purchase,00.00,"125,142.76","625,713.82"
26-Nov-2020,Commission,"98,949.00",00.00,"724,662.82"
26-Nov-2020,Interest,"1,297.85",00.00,"725,960.67"
26-Nov-2020,RTGS,"3,767.60",00.00,"729,728.27"
26-Nov-2020,ATM,"3,981.00",00.00,"733,709.27"
26-Nov-2020,Miscellaneous,09.00,00.00,"733,718.27"
26-Nov-2020,Cheque,00.00,"122,286.38","611,431.89"
26-Nov-2020,Miscellaneous,00.00,"122,286.38","489,145.51"
26-Nov-2020,Interest,00.00,"489,145.51",00.00
26-Nov-2020,Bill,165.00,00.00,165.00
26-Nov-2020,Transfer,"1,432.50",00.00,"1,597.50"
26-Nov-2020,NEFT,00.00,399.38,"1,198.12"
26-Nov-2020,Transfer,00.00,239.62,958.50
26-Nov-2020,NEFT,"27,467.43",00.00,"28,425.93"
26-Nov-2020,Tax,"1,597,883.25",00.00,"1,626,309.18"
26-Nov-2020,Cheque,"21,051.58",00.00,"1,647,360.76"
26-Nov-2020,Purchase,"27,315.00",00.00,"1,674,675.76"
26-Nov-2020,Debit Card,00.00,"558,225.25","1,116,450.51"
26-Nov-2020,RTGS,303.00,00.00,"1,116,753.51"
26-Nov-2020,Debit Card,"1,959,088.00",00.00,"3,075,841.51"
26-Nov-2020,Miscellaneous,"130,171.50",00.00,"3,206,013.01"
26-Nov-2020,Cheque,00.00,"641,202.60","2,564,810.41"
26-Nov-2020,Bill,00.00,"366,401.49","2,198,408.92"
26-Nov-2020,Transfer,"2,666.05",00.00,"2,201,074.97"
26-Nov-2020,Purchase,"693,134.80",00.00,"2,894,209.77"
26-Nov-2020,Bill,00.00,"321,578.86","2,572,630.91"
26-Nov-2020,Bill,"111,980.50",00.00,"2,684,611.41"
26-Nov-2020,RTGS,05.70,00.00,"2,684,617.11"
26-Nov-2020,RTGS,00.00,"383,516.73","2,301,100.38"
26-Nov-2020,Debit Card,00.00,"767,033.46","1,534,066.92"
26-Nov-2020,Miscellaneous,"90,064.90",00.00,"1,624,131.82"
26-Nov-2020,Reversal,"2,076,625.00",00.00,"3,700,756.82"
26-Nov-2020,Tax,"855,253.00",00.00,"4,556,009.82"
26-Nov-2020,RTGS,"29,818.00",00.00,"4,585,827.82"
26-Nov-2020,ATM,"1,038,410.00",00.00,"5,624,237.82"
26-Nov-2020,Transfer,415.26,00.00,"5,624,653.08"
26-Nov-2020,Transfer,695.20,00.00,"5,625,348.28"
26-Nov-2020,Cash,00.00,"937,558.05","4,687,790.23"
26-Nov-2020,Miscellaneous,16.30,00.00,"4,687,806.53"
26-Nov-2020,Cheque,232.13,00.00,"4,688,038.66"
26-Nov-2020,Transfer,00.00,"2,344,019.33","2,344,019.33"
26-Nov-2020,NEFT,00.00,"390,669.89","1,953,349.44"
26-Nov-2020,Cheque,00.00,"279,049.92","1,674,299.52"
26-Nov-2020,Tax,00.00,"239,185.65","1,435,113.87"
27-Nov-2020,NEFT,00.00,"159,457.10","1,275,656.77"
27-Nov-2020,NEFT,"648,243.50",00.00,"1,923,900.27"
27-Nov-2020,NEFT,00.00,"641,300.09","1,282,600.18"
27-Nov-2020,Debit Card,00.00,"1,282,600.18",00.00
27-Nov-2020,Transfer,435.40,00.00,435.40
27-Nov-2020,Cheque,"228,014.50",00.00,"228,449.90"
27-Nov-2020,Purchase,504.80,00.00,"228,954.70"
27-Nov-2020,Reversal,57.20,00.00,"229,011.90"
27-Nov-2020,IMPS,376.18,00.00,"229,388.08"
28-Nov-2020,NEFT,00.00,"57,347.02","172,041.06"
28-Nov-2020,Tax,390.00,00.00,"172,431.06"
28-Nov-2020,Transfer,01.00,00.00,"172,432.06"
28-Nov-2020,ATM,00.00,"86,216.03","86,216.03"
28-Nov-2020,Transfer,00.00,"28,738.68","57,477.35"
28-Nov-2020,Miscellaneous,00.00,"19,159.12","38,318.23"
28-Nov-2020,Reversal,"15,216.00",00.00,"53,534.23"
28-Nov-2020,RTGS,00.00,"5,948.25","47,585.98"
28-Nov-2020,ATM,"32,399.00",00.00,"79,984.98"
28-Nov-2020,IMPS,"2,363.10",00.00,"82,348.08"
28-Nov-2020,Tax,136.00,00.00,"82,484.08"
28-Nov-2020,Bill,386.70,00.00,"82,870.78"
28-Nov-2020,Cash,00.00,"10,358.85","72,511.93"
28-Nov-2020,Cheque,"149,148.00",00.00,"221,659.93"
28-Nov-2020,Bill,"138,270.50",00.00,"359,930.43"
28-Nov-2020,ATM,00.00,"44,991.30","314,939.13"
28-Nov-2020,Transfer,00.00,"44,991.30","269,947.83"
28-Nov-2020,RTGS,490.39,00.00,"270,438.22"
28-Nov-2020,Bill,"40,316.00",00.00,"310,754.22"
28-Nov-2020,NEFT,54.30,00.00,"310,808.52"
28-Nov-2020,Transfer,"190,518.00",00.00,"501,326.52"
28-Nov-2020,Reversal,395.10,00.00,"501,721.62"
28-Nov-2020,Reversal,00.00,"83,620.27","418,101.35"
28-Nov-2020,ATM,00.00,"209,050.68","209,050.68"
28-Nov-2020,Cheque,"187,788.00",00.00,"396,838.68"
28-Nov-2020,Tax,00.00,"79,367.74","317,470.94"
28-Nov-2020,IMPS,"1,846,933.00",00.00,"2,164,403.94"
28-Nov-2020,Tax,367.00,00.00,"2,164,770.94"
28-Nov-2020,Tax,00.00,"360,795.16","1,803,975.78"
28-Nov-2020,RTGS,"1,942,062.20",00.00,"3,746,037.98"
28-Nov-2020,Transfer,"114,272.00",00.00,"3,860,309.98"
28-Nov-2020,Purchase,469.00,00.00,"3,860,778.98"
28-Nov-2020,Miscellaneous,02.20,00.00,"3,860,781.18"
28-Nov-2020,Commission,00.00,"482,597.65","3,378,183.53"
28-Nov-2020,Interest,00.00,"422,272.94","2,955,910.59"
28-Nov-2020,IMPS,00.00,"295,591.06","2,660,319.53"
28-Nov-2020,Tax,00.00,"266,031.95","2,394,287.58"
28-Nov-2020,IMPS,00.00,"478,857.52","1,915,430.06"
28-Nov-2020,RTGS,00.00,"957,715.03","957,715.03"
28-Nov-2020,RTGS,00.00,"319,238.34","638,476.69"
28-Nov-2020,Cash,"1,865.00",00.00,"640,341.69"
28-Nov-2020,Reversal,"1,807,799.25",00.00,"2,448,140.94"
28-Nov-2020,Miscellaneous,17.43,00.00,"2,448,158.37"
28-Nov-2020,Debit Card,"684,292.75",00.00,"3,132,451.12"
28-Nov-2020,IMPS,"146,790.31",00.00,"3,279,241.43"
28-Nov-2020,NEFT,"9,446.00",00.00,"3,288,687.43"
28-Nov-2020,Transfer,00.00,"365,409.71","2,923,277.72"
28-Nov-2020,Purchase,368.00,00.00,"2,923,645.72"
28-Nov-2020,RTGS,00.80,00.00,"2,923,646.52"
28-Nov-2020,NEFT,00.00,"1,461,823.26","1,461,823.26"
28-Nov-2020,NEFT,"572,855.00",00.00,"2,034,678.26"
28-Nov-2020,IMPS,00.00,"203,467.83","1,831,210.43"
28-Nov-2020,IMPS,00.00,"261,601.49","1,569,608.94"
28-Nov-2020,Cheque,00.00,"392,402.24","1,177,206.70"
28-Nov-2020,Purchase,00.00,"168,172.39","1,009,034.31"
28-Nov-2020,RTGS,07.00,00.00,"1,009,041.31"
28-Nov-2020,RTGS,07.00,00.00,"1,009,048.31"
28-Nov-2020,Bill,00.00,"1,009,048.31",00.00
28-Nov-2020,IMPS,"25,705.70",00.00,"25,705.70"
28-Nov-2020,NEFT,00.00,"12,852.85","12,852.85"
28-Nov-2020,Tax,30.40,00.00,"12,883.25"
28-Nov-2020,Cheque,00.00,"1,610.41","11,272.84"
28-Nov-2020,IMPS,"5,404.88",00.00,"16,677.72"
28-Nov-2020,NEFT,403.60,00.00,"17,081.32"
28-Nov-2020,Reversal,00.00,"1,708.13","15,373.19"
28-Nov-2020,Bill,00.00,"5,124.40","10,248.79"
28-Nov-2020,Transfer,00.00,"10,248.79",00.00
28-Nov-2020,Purchase,04.30,00.00,04.30
28-Nov-2020,Cash,06.00,00.00,10.30
28-Nov-2020,Bill,"3,645.60",00.00,"3,655.90"
28-Nov-2020,Reversal,00.00,913.98,"2,741.92"
28-Nov-2020,ATM,00.00,456.99,"2,284.93"
28-Nov-2020,Purchase,"1,459.30",00.00,"3,744.23"
28-Nov-2020,IMPS,00.00,374.42,"3,369.81"
28-Nov-2020,Cash,00.00,421.23,"2,948.58"
28-Nov-2020,Cheque,"3,568.00",00.00,"6,516.58"
28-Nov-2020,Transfer,00.00,"3,258.29","3,258.29"
28-Nov-2020,Cash,"1,651.00",00.00,"4,909.29"
28-Nov-2020,Miscellaneous,"1,785.30",00.00,"6,694.59"
28-Nov-2020,Commission,00.00,836.82,"5,857.77"
28-Nov-2020,Purchase,00.00,836.82,"5,020.95"
28-Nov-2020,ATM,"9,093.83",00.00,"14,114.78"
28-Nov-2020,Commission,00.00,"2,352.46","11,762.32"
28-Nov-2020,Miscellaneous,15.80,00.00,"11,778.12"
28-Nov-2020,ATM,00.00,"1,177.81","10,600.31"
28-Nov-2020,RTGS,"5,742.00",00.00,"16,342.31"
28-Nov-2020,Cash,00.00,"2,042.79","14,299.52"
28-Nov-2020,Reversal,00.00,"1,429.95","12,869.57"
28-Nov-2020,Cheque,00.00,"2,144.93","10,724.64"
28-Nov-2020,Commission,"25,472.00",00.00,"36,196.64"
28-Nov-2020,Miscellaneous,00.00,"6,032.77","30,163.87"
29-Nov-2020,Bill,00.00,"3,016.39","27,147.48"
29-Nov-2020,Commission,00.00,"4,524.58","22,622.90"
29-Nov-2020,Transfer,00.00,"5,655.73","16,967.18"
29-Nov-2020,Bill,07.80,00.00,"16,974.98"
29-Nov-2020,IMPS,00.00,"8,487.49","8,487.49"
29-Nov-2020,Interest,00.00,"8,487.49",00.00
29-Nov-2020,Reversal,"6,885.00",00.00,"6,885.00"
29-Nov-2020,Purchase,00.00,"6,885.00",00.00
29-Nov-2020,Tax,"2,794.00",00.00,"2,794.00"
29-Nov-2020,Transfer,00.00,698.50,"2,095.50"
29-Nov-2020,Cash,"76,984.50",00.00,"79,080.00"
29-Nov-2020,Miscellaneous,194.26,00.00,"79,274.26"
29-Nov-2020,RTGS,"16,241.00",00.00,"95,515.26"
29-Nov-2020,Cash,00.00,"19,103.05","76,412.21"
29-Nov-2020,RTGS,"2,406.45",00.00,"78,818.66"
29-Nov-2020,Commission,00.00,"15,763.73","63,054.93"
29-Nov-2020,Transfer,"292,149.00",00.00,"355,203.93"
29-Nov-2020,NEFT,"1,323.90",00.00,"356,527.83"
29-Nov-2020,IMPS,"1,391,274.00",00.00,"1,747,801.83"
29-Nov-2020,ATM,523.70,00.00,"1,748,325.53"
29-Nov-2020,Commission,04.29,00.00,"1,748,329.82"
29-Nov-2020,Miscellaneous,00.00,"1,748,329.82",00.00
29-Nov-2020,Transfer,701.50,00.00,701.50
29-Nov-2020,Cheque,06.00,00.00,707.50
29-Nov-2020,Commission,00.00,141.50,566.00
29-Nov-2020,ATM,"2,363.40",00.00,"2,929.40"
29-Nov-2020,Reversal,00.00,732.35,"2,197.05"
29-Nov-2020,IMPS,"166,430.25",00.00,"168,627.30"
29-Nov-2020,Debit Card,00.00,"16,862.73","151,764.57"
29-Nov-2020,Interest,00.00,"18,970.57","132,794.00"
29-Nov-2020,Cheque,03.78,00.00,"132,797.78"
29-Nov-2020,Reversal,"1,911,325.00",00.00,"2,044,122.78"
29-Nov-2020,Cash,00.00,"204,412.28","1,839,710.50"
29-Nov-2020,Commission,00.00,"367,942.10","1,471,768.40"
29-Nov-2020,Cheque,00.00,"294,353.68","1,177,414.72"
29-Nov-2020,Bill,00.00,"392,471.57","784,943.15"
29-Nov-2020,Cash,"160,234.47",00.00,"945,177.62"
29-Nov-2020,Cash,256.14,00.00,"945,433.76"
30-Nov-2020,IMPS,00.00,"315,144.59","630,289.17"
30-Nov-2020,Debit Card,00.00,"210,096.39","420,192.78"
30-Nov-2020,RTGS,56.50,00.00,"420,249.28"
30-Nov-2020,Debit Card,286.00,00.00,"420,535.28"
30-Nov-2020,Purchase,"1,660.18",00.00,"422,195.46"
30-Nov-2020,Cash,435.50,00.00,"422,630.96"
30-Nov-2020,Miscellaneous,00.00,"52,828.87","369,802.09"
30-Nov-2020,Bill,00.00,"73,960.42","295,841.67"
30-Nov-2020,Cheque,00.00,"49,306.95","246,534.72"
30-Nov-2020,Miscellaneous,"47,585.10",00.00,"294,119.82"
30-Nov-2020,Commission,00.00,"32,679.98","261,439.84"
30-Nov-2020,Interest,00.00,"32,679.98","228,759.86"
30-Nov-2020,Commission,"26,845.00",00.00,"255,604.86"
30-Nov-2020,Purchase,00.00,"36,514.98","219,089.88"
30-Nov-2020,ATM,"241,596.00",00.00,"460,685.88"
30-Nov-2020,RTGS,"5,051.34",00.00,"465,737.22"
30-Nov-2020,Cash,00.00,"77,622.87","388,114.35"
30-Nov-2020,Tax,00.00,"55,444.91","332,669.44"
30-Nov-2020,Tax,00.00,"110,889.81","221,779.63"
30-Nov-2020,ATM,00.00,"110,889.82","110,889.82"
30-Nov-2020,Miscellaneous,00.00,"18,481.64","92,408.18"
30-Nov-2020,Transfer,00.00,"92,408.18",00.00
30-Nov-2020,Transfer,"22,755.60",00.00,"22,755.60"
30-Nov-2020,NEFT,02.50,00.00,"22,758.10"
01-Dec-2020,Cheque,54.10,00.00,"22,812.20"
01-Dec-2020,Reversal,00.00,"3,258.89","19,553.31"
01-Dec-2020,Cash,340.10,00.00,"19,893.41"
01-Dec-2020,Cash,"1,578.00",00.00,"21,471.41"
01-Dec-2020,Cheque,00.00,"2,385.71","19,085.70"
01-Dec-2020,Miscellaneous,00.00,"2,726.53","16,359.17"
01-Dec-2020,NEFT,00.00,"16,359.17",00.00
01-Dec-2020,RTGS,"236,208.00",00.00,"236,208.00"
01-Dec-2020,Commission,01.31,00.00,"236,209.31"
01-Dec-2020,RTGS,"116,197.38",00.00,"352,406.69"
01-Dec-2020,Bill,"18,832.48",00.00,"371,239.17"
01-Dec-2020,Tax,00.00,"185,619.59","185,619.58"
01-Dec-2020,Tax,499.20,00.00,"186,118.78"
01-Dec-2020,Miscellaneous,00.00,"31,019.80","155,098.98"
01-Dec-2020,Cash,00.00,"51,699.66","103,399.32"
01-Dec-2020,Transfer,10.70,00.00,"103,410.02"
01-Dec-2020,Interest,00.00,"17,235.00","86,175.02"
01-Dec-2020,Purchase,"160,988.00",00.00,"247,163.02"
01-Dec-2020,ATM,06.77,00.00,"247,169.79"
01-Dec-2020,ATM,00.00,"123,584.90","123,584.90"
01-Dec-2020,RTGS,00.00,"17,654.99","105,929.91"
01-Dec-2020,Tax,00.00,"13,241.24","92,688.67"
01-Dec-2020,Commission,"163,614.97",00.00,"256,303.64"
01-Dec-2020,Reversal,00.00,"42,717.27","213,586.37"
01-Dec-2020,Debit Card,00.00,"106,793.19","106,793.18"
01-Dec-2020,RTGS,00.00,"10,679.32","96,113.86"
01-Dec-2020,IMPS,"145,445.30",00.00,"241,559.16"
01-Dec-2020,Reversal,24.93,00.00,"241,584.09"
01-Dec-2020,Cash,00.00,"34,512.01","207,072.08"
01-Dec-2020,Debit Card,360.41,00.00,"207,432.49"
01-Dec-2020,ATM,00.00,"20,743.25","186,689.24"
01-Dec-2020,NEFT,00.00,"20,743.25","165,945.99"
01-Dec-2020,Tax,"1,352,419.25",00.00,"1,518,365.24"
01-Dec-2020,Interest,00.00,"303,673.05","1,214,692.19"
02-Dec-2020,IMPS,93.70,00.00,"1,214,785.89"
02-Dec-2020,RTGS,02.94,00.00,"1,214,788.83"
02-Dec-2020,Tax,"64,932.78",00.00,"1,279,721.61"
02-Dec-2020,Purchase,00.00,"639,860.81","639,860.81"
02-Dec-2020,Interest,"6,678.00",00.00,"646,538.81"
02-Dec-2020,Commission,00.00,"646,538.81",00.00
02-Dec-2020,Transfer,"22,504.10",00.00,"22,504.10"
02-Dec-2020,Cash,"1,962.50",00.00,"24,466.60"
02-Dec-2020,Miscellaneous,00.00,"2,718.51","21,748.09"
02-Dec-2020,ATM,"3,172.00",00.00,"24,920.09"
02-Dec-2020,Tax,48.20,00.00,"24,968.29"
02-Dec-2020,Cash,00.00,"2,774.25","22,194.04"
02-Dec-2020,Bill,270.97,00.00,"22,465.01"
02-Dec-2020,IMPS,00.00,"5,616.25","16,848.76"
02-Dec-2020,Cash,00.00,"4,212.19","12,636.57"
02-Dec-2020,Cash,00.00,"2,106.10","10,530.48"
02-Dec-2020,Miscellaneous,00.00,"1,316.31","9,214.17"
02-Dec-2020,RTGS,"902,890.50",00.00,"912,104.67"
02-Dec-2020,ATM,419.00,00.00,"912,523.67"
02-Dec-2020,Cash,"40,640.00",00.00,"953,163.67"
02-Dec-2020,NEFT,00.00,"238,290.92","714,872.75"
02-Dec-2020,Commission,00.00,"357,436.38","357,436.38"
02-Dec-2020,Transfer,00.00,"44,679.55","312,756.83"
02-Dec-2020,Debit Card,00.00,"62,551.37","250,205.46"
02-Dec-2020,RTGS,00.00,"25,020.55","225,184.91"
02-Dec-2020,Transfer,00.00,"112,592.46","112,592.46"
02-Dec-2020,Cheque,00.00,"28,148.12","84,444.34"
02-Dec-2020,Purchase,"100,271.00",00.00,"184,715.34"
02-Dec-2020,Purchase,32.00,00.00,"184,747.34"
02-Dec-2020,Bill,00.00,"61,582.45","123,164.89"
02-Dec-2020,Purchase,"1,302,139.25",00.00,"1,425,304.14"
02-Dec-2020,ATM,00.00,"712,652.07","712,652.07"
02-Dec-2020,Transfer,00.00,"89,081.51","623,570.56"
02-Dec-2020,Bill,"413,462.50",00.00,"1,037,033.06"
02-Dec-2020,Tax,217.00,00.00,"1,037,250.06"
02-Dec-2020,Cheque,901.72,00.00,"1,038,151.78"
02-Dec-2020,RTGS,00.00,"129,768.97","908,382.81"
02-Dec-2020,Debit Card,"22,737.00",00.00,"931,119.81"
02-Dec-2020,Tax,00.00,"155,186.64","775,933.18"
02-Dec-2020,Purchase,00.00,"775,933.18",00.00
02-Dec-2020,Debit Card,04.90,00.00,04.90
02-Dec-2020,Bill,138.00,00.00,142.90
02-Dec-2020,NEFT,00.00,28.58,114.32
02-Dec-2020,Cash,04.70,00.00,119.02
02-Dec-2020,NEFT,"1,912.00",00.00,"2,031.02"
02-Dec-2020,IMPS,"20,645.10",00.00,"22,676.12"
02-Dec-2020,Tax,00.00,"3,239.45","19,436.67"
02-Dec-2020,Debit Card,43.11,00.00,"19,479.78"
02-Dec-2020,Interest,03.60,00.00,"19,483.38"
02-Dec-2020,NEFT,01.50,00.00,"19,484.88"
02-Dec-2020,Bill,00.00,"9,742.44","9,742.44"
02-Dec-2020,Cash,00.00,"1,391.78","8,350.66"
02-Dec-2020,RTGS,00.00,835.07,"7,515.59"
02-Dec-2020,Debit Card,00.00,"1,252.60","6,262.99"
02-Dec-2020,Tax,00.00,"3,131.50","3,131.50"
02-Dec-2020,RTGS,403.00,00.00,"3,534.50"
02-Dec-2020,Miscellaneous,"661,850.75",00.00,"665,385.25"
02-Dec-2020,IMPS,04.20,00.00,"665,389.45"
02-Dec-2020,Interest,00.00,"166,347.36","499,042.09"
02-Dec-2020,Miscellaneous,00.00,"55,449.12","443,592.97"
02-Dec-2020,Commission,"1,025.00",00.00,"444,617.97"
02-Dec-2020,Miscellaneous,00.00,"148,205.99","296,411.98"
02-Dec-2020,Cash,00.00,"49,402.00","247,009.98"
02-Dec-2020,Transfer,00.00,"49,402.00","197,607.98"
02-Dec-2020,Debit Card,00.00,"32,934.66","164,673.32"
02-Dec-2020,Tax,"65,965.80",00.00,"230,639.12"
02-Dec-2020,Interest,00.00,"115,319.56","115,319.56"
02-Dec-2020,NEFT,06.00,00.00,"115,325.56"
02-Dec-2020,NEFT,"1,186,739.80",00.00,"1,302,065.36"
02-Dec-2020,ATM,"2,400.00",00.00,"1,304,465.36"
02-Dec-2020,Bill,00.00,"217,410.89","1,087,054.47"
02-Dec-2020,Interest,00.00,"108,705.45","978,349.02"
02-Dec-2020,Transfer,"179,469.00",00.00,"1,157,818.02"
02-Dec-2020,Purchase,"11,589.10",00.00,"1,169,407.12"
03-Dec-2020,Debit Card,00.00,"116,940.71","1,052,466.41"
03-Dec-2020,Reversal,225.00,00.00,"1,052,691.41"
03-Dec-2020,ATM,00.00,"131,586.43","921,104.98"
03-Dec-2020,Interest,00.00,"102,345.00","818,759.98"
03-Dec-2020,IMPS,00.00,"204,690.00","614,069.98"
03-Dec-2020,Tax,00.00,"68,230.00","545,839.98"
03-Dec-2020,IMPS,00.00,"90,973.33","454,866.65"
03-Dec-2020,NEFT,02.00,00.00,"454,868.65"
03-Dec-2020,Bill,"1,628.82",00.00,"456,497.47"
03-Dec-2020,RTGS,494.50,00.00,"456,991.97"
03-Dec-2020,Cheque,557.10,00.00,"457,549.07"
03-Dec-2020,Bill,"159,623.00",00.00,"617,172.07"
03-Dec-2020,Transfer,00.00,"61,717.21","555,454.86"
03-Dec-2020,ATM,"27,498.48",00.00,"582,953.34"
03-Dec-2020,Cash,00.00,"145,738.34","437,215.00"
03-Dec-2020,Bill,00.00,"43,721.50","393,493.50"
03-Dec-2020,Cheque,206.70,00.00,"393,700.20"
03-Dec-2020,Cheque,"3,185.58",00.00,"396,885.78"
03-Dec-2020,Bill,"1,310.64",00.00,"398,196.42"
03-Dec-2020,Cheque,00.00,"79,639.28","318,557.14"
03-Dec-2020,Cheque,"3,382.70",00.00,"321,939.84"
03-Dec-2020,Miscellaneous,"191,829.00",00.00,"513,768.84"
03-Dec-2020,RTGS,00.00,"256,884.42","256,884.42"
03-Dec-2020,Cash,00.00,"25,688.44","231,195.98"
03-Dec-2020,Interest,"22,750.00",00.00,"253,945.98"
03-Dec-2020,Reversal,"1,140,000.00",00.00,"1,393,945.98"
03-Dec-2020,Reversal,"9,355.20",00.00,"1,403,301.18"
03-Dec-2020,Interest,"1,945.40",00.00,"1,405,246.58"
03-Dec-2020,RTGS,"1,809.41",00.00,"1,407,055.99"
03-Dec-2020,Interest,00.00,"156,339.55","1,250,716.44"
03-Dec-2020,NEFT,"208,015.80",00.00,"1,458,732.24"
03-Dec-2020,Commission,06.24,00.00,"1,458,738.48"
03-Dec-2020,Cheque,"218,539.00",00.00,"1,677,277.48"
03-Dec-2020,Cash,00.00,"838,638.74","838,638.74"
03-Dec-2020,Debit Card,02.00,00.00,"838,640.74"
03-Dec-2020,IMPS,00.00,"93,182.30","745,458.44"
03-Dec-2020,ATM,00.00,00.00,"745,458.44"
03-Dec-2020,Tax,00.00,"106,494.06","638,964.38"
04-Dec-2020,Bill,60.51,00.00,"639,024.89"
04-Dec-2020,IMPS,00.00,"213,008.30","426,016.59"
04-Dec-2020,Commission,144.00,00.00,"426,160.59"
04-Dec-2020,IMPS,"1,801,356.00",00.00,"2,227,516.59"
04-Dec-2020,Commission,"159,403.00",00.00,"2,386,919.59"
04-Dec-2020,Miscellaneous,14.20,00.00,"2,386,933.79"
05-Dec-2020,Bill,"15,251.66",00.00,"2,402,185.45"
05-Dec-2020,Cheque,00.00,"600,546.36","1,801,639.09"
05-Dec-2020,Bill,"1,511,819.00",00.00,"3,313,458.09"
05-Dec-2020,Bill,00.00,"473,351.16","2,840,106.93"
05-Dec-2020,Commission,00.00,"710,026.73","2,130,080.20"
05-Dec-2020,Tax,"4,073.00",00.00,"2,134,153.20"
05-Dec-2020,Commission,465.18,00.00,"2,134,618.38"
05-Dec-2020,Commission,00.00,"266,827.30","1,867,791.08"
05-Dec-2020,NEFT,"229,699.25",00.00,"2,097,490.33"
05-Dec-2020,Tax,00.00,"233,054.48","1,864,435.85"
05-Dec-2020,Commission,"14,543.00",00.00,"1,878,978.85"
06-Dec-2020,RTGS,"2,312.48",00.00,"1,881,291.33"
06-Dec-2020,IMPS,00.60,00.00,"1,881,291.93"
06-Dec-2020,Tax,00.00,"627,097.31","1,254,194.62"
06-Dec-2020,Transfer,00.00,"179,170.66","1,075,023.96"
06-Dec-2020,RTGS,07.11,00.00,"1,075,031.07"
06-Dec-2020,Cheque,00.00,"107,503.11","967,527.96"
06-Dec-2020,ATM,00.00,"161,254.66","806,273.30"
06-Dec-2020,Tax,00.00,"115,181.90","691,091.40"
06-Dec-2020,ATM,"1,212.98",00.00,"692,304.38"
06-Dec-2020,Reversal,"247,294.00",00.00,"939,598.38"
06-Dec-2020,Commission,"2,296.20",00.00,"941,894.58"
06-Dec-2020,Interest,04.00,00.00,"941,898.58"
06-Dec-2020,Commission,00.00,"313,966.19","627,932.39"
06-Dec-2020,Miscellaneous,00.00,"104,655.40","523,276.99"
06-Dec-2020,Commission,"4,091.00",00.00,"527,367.99"
06-Dec-2020,Debit Card,"585,693.00",00.00,"1,113,060.99"
06-Dec-2020,Debit Card,00.00,"556,530.50","556,530.50"
07-Dec-2020,Transfer,04.48,00.00,"556,534.98"
07-Dec-2020,Commission,00.00,"556,534.98",00.00
07-Dec-2020,Purchase,09.00,00.00,09.00
07-Dec-2020,Commission,"18,636.00",00.00,"18,645.00"
07-Dec-2020,IMPS,65.00,00.00,"18,710.00"
07-Dec-2020,Reversal,"3,891.00",00.00,"22,601.00"
07-Dec-2020,Cash,00.00,"7,533.67","15,067.33"
07-Dec-2020,Transfer,00.00,"2,152.48","12,914.85"
07-Dec-2020,Commission,00.00,"1,434.98","11,479.87"
07-Dec-2020,Bill,"7,331.00",00.00,"18,810.87"
07-Dec-2020,Debit Card,83.00,00.00,"18,893.87"
07-Dec-2020,Commission,00.00,"1,889.39","17,004.48"
07-Dec-2020,Commission,"1,198.43",00.00,"18,202.91"
07-Dec-2020,Transfer,03.70,00.00,"18,206.61"
07-Dec-2020,Interest,00.00,"18,206.61",00.00
07-Dec-2020,Tax,03.00,00.00,03.00
07-Dec-2020,IMPS,53.25,00.00,56.25
07-Dec-2020,RTGS,00.00,08.04,48.21
07-Dec-2020,RTGS,35.00,00.00,83.21
07-Dec-2020,NEFT,00.00,27.74,55.47
07-Dec-2020,Debit Card,"3,139.00",00.00,"3,194.47"
07-Dec-2020,Transfer,"3,349.00",00.00,"6,543.47"
07-Dec-2020,Miscellaneous,"31,381.80",00.00,"37,925.27"
08-Dec-2020,Cash,00.00,"5,417.90","32,507.37"
08-Dec-2020,ATM,45.00,00.00,"32,552.37"
08-Dec-2020,Reversal,02.62,00.00,"32,554.99"
08-Dec-2020,Miscellaneous,00.00,"5,425.83","27,129.16"
08-Dec-2020,Transfer,"1,617,575.50",00.00,"1,644,704.66"
08-Dec-2020,Cash,35.80,00.00,"1,644,740.46"
08-Dec-2020,Transfer,00.00,"274,123.41","1,370,617.05"
08-Dec-2020,Interest,172.40,00.00,"1,370,789.45"
08-Dec-2020,RTGS,00.00,"228,464.91","1,142,324.54"
08-Dec-2020,Transfer,00.00,"114,232.45","1,028,092.09"
08-Dec-2020,Purchase,00.00,"257,023.02","771,069.07"
08-Dec-2020,Miscellaneous,00.00,"128,511.51","642,557.56"
08-Dec-2020,Cheque,00.00,"64,255.76","578,301.80"
08-Dec-2020,Miscellaneous,00.00,"57,830.18","520,471.62"
08-Dec-2020,IMPS,"2,084.08",00.00,"522,555.70"
08-Dec-2020,Cash,00.00,"65,319.46","457,236.24"
08-Dec-2020,Bill,04.00,00.00,"457,240.24"
08-Dec-2020,Tax,327.00,00.00,"457,567.24"
08-Dec-2020,RTGS,00.00,"152,522.41","305,044.83"
08-Dec-2020,NEFT,"451,725.80",00.00,"756,770.63"
08-Dec-2020,Commission,00.00,"108,110.09","648,660.54"
08-Dec-2020,IMPS,00.00,"129,732.11","518,928.43"
08-Dec-2020,Tax,00.00,"74,132.63","444,795.80"
08-Dec-2020,ATM,"3,056.00",00.00,"447,851.80"
08-Dec-2020,Commission,00.00,"74,641.97","373,209.83"
08-Dec-2020,RTGS,"28,950.80",00.00,"402,160.63"
08-Dec-2020,Reversal,00.00,"67,026.77","335,133.86"
08-Dec-2020,Transfer,00.00,"55,855.64","279,278.22"
08-Dec-2020,Interest,00.00,"39,896.89","239,381.33"
08-Dec-2020,Cash,"2,969.80",00.00,"242,351.13"
08-Dec-2020,Commission,"1,504.04",00.00,"243,855.17"
08-Dec-2020,Reversal,00.00,"27,095.02","216,760.15"
08-Dec-2020,Debit Card,00.00,"30,965.74","185,794.41"
08-Dec-2020,Commission,00.00,"23,224.30","162,570.11"
08-Dec-2020,NEFT,"7,608.50",00.00,"170,178.61"
08-Dec-2020,NEFT,00.00,"18,908.73","151,269.88"
08-Dec-2020,Bill,02.14,00.00,"151,272.02"
08-Dec-2020,ATM,00.00,"15,127.20","136,144.82"
08-Dec-2020,Reversal,"257,481.00",00.00,"393,625.82"
08-Dec-2020,ATM,444.00,00.00,"394,069.82"
08-Dec-2020,Cheque,10.23,00.00,"394,080.05"
08-Dec-2020,RTGS,19.47,00.00,"394,099.52"
08-Dec-2020,IMPS,03.92,00.00,"394,103.44"
09-Dec-2020,Interest,00.00,"78,820.69","315,282.75"
09-Dec-2020,RTGS,"35,221.50",00.00,"350,504.25"
09-Dec-2020,Debit Card,118.59,00.00,"350,622.84"
09-Dec-2020,ATM,"24,136.00",00.00,"374,758.84"
09-Dec-2020,RTGS,00.00,"37,475.88","337,282.96"
09-Dec-2020,ATM,144.00,00.00,"337,426.96"
09-Dec-2020,NEFT,"18,005.63",00.00,"355,432.59"
09-Dec-2020,Cheque,00.00,"44,429.07","311,003.52"
09-Dec-2020,Cheque,00.00,"311,003.52",00.00
09-Dec-2020,Tax,"19,702.68",00.00,"19,702.68"
09-Dec-2020,Tax,774.00,00.00,"20,476.68"
09-Dec-2020,Cash,00.00,"6,825.56","13,651.12"
09-Dec-2020,Reversal,00.00,"4,550.37","9,100.75"
09-Dec-2020,Purchase,"84,901.00",00.00,"94,001.75"
09-Dec-2020,RTGS,"21,605.00",00.00,"115,606.75"
09-Dec-2020,Interest,"19,426.00",00.00,"135,032.75"
09-Dec-2020,NEFT,00.00,"22,505.46","112,527.29"
09-Dec-2020,Tax,01.02,00.00,"112,528.31"
09-Dec-2020,Tax,280.57,00.00,"112,808.88"
09-Dec-2020,Cash,491.87,00.00,"113,300.75"
09-Dec-2020,ATM,04.72,00.00,"113,305.47"
09-Dec-2020,ATM,07.10,00.00,"113,312.57"
09-Dec-2020,Purchase,00.20,00.00,"113,312.77"
09-Dec-2020,Commission,"6,431.00",00.00,"119,743.77"
09-Dec-2020,Tax,00.00,"29,935.94","89,807.83"
09-Dec-2020,IMPS,"14,725.40",00.00,"104,533.23"
09-Dec-2020,ATM,00.00,"26,133.31","78,399.92"
09-Dec-2020,ATM,208.35,00.00,"78,608.27"
09-Dec-2020,NEFT,"2,549.07",00.00,"81,157.34"
09-Dec-2020,Tax,00.00,"9,017.48","72,139.86"
09-Dec-2020,ATM,02.00,00.00,"72,141.86"
09-Dec-2020,Miscellaneous,00.00,"36,070.93","36,070.93"
09-Dec-2020,Interest,"21,959.00",00.00,"58,029.93"
09-Dec-2020,Tax,00.00,"11,605.99","46,423.94"
09-Dec-2020,Tax,00.00,"5,802.99","40,620.95"
09-Dec-2020,ATM,"100,474.88",00.00,"141,095.83"
09-Dec-2020,NEFT,238.10,00.00,"141,333.93"
09-Dec-2020,RTGS,00.00,"47,111.31","94,222.62"
09-Dec-2020,NEFT,00.00,"31,407.54","62,815.08"
09-Dec-2020,ATM,00.00,"12,563.02","50,252.06"
09-Dec-2020,ATM,00.00,"12,563.02","37,689.04"
09-Dec-2020,Transfer,00.00,"5,384.15","32,304.89"
09-Dec-2020,Purchase,206.00,00.00,"32,510.89"
09-Dec-2020,Transfer,00.00,"3,251.09","29,259.80"
09-Dec-2020,Purchase,"116,102.10",00.00,"145,361.90"
09-Dec-2020,Tax,00.00,"24,226.98","121,134.92"
09-Dec-2020,Debit Card,117.10,00.00,"121,252.02"
09-Dec-2020,Commission,00.00,"17,321.72","103,930.30"
09-Dec-2020,Debit Card,02.20,00.00,"103,932.50"
09-Dec-2020,Reversal,00.00,"51,966.25","51,966.25"
09-Dec-2020,Tax,00.00,"5,196.63","46,769.62"
09-Dec-2020,RTGS,00.00,"11,692.41","35,077.22"
09-Dec-2020,Tax,"272,630.75",00.00,"307,707.97"
09-Dec-2020,Cash,00.00,"102,569.32","205,138.65"
09-Dec-2020,Cheque,00.00,"41,027.73","164,110.92"
09-Dec-2020,ATM,"1,861.90",00.00,"165,972.82"
09-Dec-2020,Commission,00.00,"23,710.40","142,262.42"
09-Dec-2020,Transfer,267.30,00.00,"142,529.72"
09-Dec-2020,Debit Card,00.00,"23,754.95","118,774.77"
09-Dec-2020,Interest,00.00,"59,387.39","59,387.38"
09-Dec-2020,Tax,00.00,"14,846.85","44,540.54"
09-Dec-2020,Transfer,18.95,00.00,"44,559.49"
09-Dec-2020,Miscellaneous,00.00,"6,365.64","38,193.85"
09-Dec-2020,Debit Card,00.00,"12,731.28","25,462.57"
09-Dec-2020,Tax,00.00,"2,546.26","22,916.31"
09-Dec-2020,Purchase,00.00,"2,291.63","20,624.68"
10-Dec-2020,NEFT,"76,946.66",00.00,"97,571.34"
10-Dec-2020,Debit Card,00.00,"48,785.67","48,785.67"
10-Dec-2020,Bill,"5,864.00",00.00,"54,649.67"
10-Dec-2020,ATM,373.41,00.00,"55,023.08"
10-Dec-2020,Purchase,00.00,"7,860.44","47,162.64"
10-Dec-2020,Bill,00.00,"15,720.88","31,441.76"
10-Dec-2020,RTGS,00.00,"3,144.18","28,297.58"
10-Dec-2020,Tax,00.00,"4,716.26","23,581.32"
10-Dec-2020,Tax,"3,245.62",00.00,"26,826.94"
10-Dec-2020,ATM,00.00,"5,365.39","21,461.55"
10-Dec-2020,Reversal,"1,969,736.75",00.00,"1,991,198.30"
10-Dec-2020,Miscellaneous,00.00,"199,119.83","1,792,078.47"
10-Dec-2020,Debit Card,"1,192,574.00",00.00,"2,984,652.47"
10-Dec-2020,Commission,20.40,00.00,"2,984,672.87"
10-Dec-2020,IMPS,00.00,"746,168.22","2,238,504.65"
10-Dec-2020,Transfer,00.00,"279,813.08","1,958,691.57"
10-Dec-2020,Debit Card,"1,649,761.20",00.00,"3,608,452.77"
10-Dec-2020,Reversal,02.20,00.00,"3,608,454.97"
10-Dec-2020,Cheque,00.00,"1,202,818.32","2,405,636.65"
10-Dec-2020,IMPS,"2,014.00",00.00,"2,407,650.65"
10-Dec-2020,ATM,00.00,"267,516.74","2,140,133.91"
10-Dec-2020,ATM,00.00,"713,377.97","1,426,755.94"
10-Dec-2020,Cash,"1,349,985.75",00.00,"2,776,741.69"
10-Dec-2020,IMPS,00.00,"308,526.85","2,468,214.84"
10-Dec-2020,Interest,02.30,00.00,"2,468,217.14"
10-Dec-2020,NEFT,00.00,"1,234,108.57","1,234,108.57"
10-Dec-2020,Debit Card,"210,378.60",00.00,"1,444,487.17"
10-Dec-2020,Reversal,00.00,"481,495.72","962,991.45"
10-Dec-2020,Cash,00.00,"481,495.73","481,495.72"
10-Dec-2020,Bill,152.10,00.00,"481,647.82"
10-Dec-2020,ATM,00.00,"240,823.91","240,823.91"
10-Dec-2020,Interest,181.48,00.00,"241,005.39"
10-Dec-2020,Interest,35.74,00.00,"241,041.13"
11-Dec-2020,Tax,478.00,00.00,"241,519.13"
11-Dec-2020,ATM,00.00,"26,835.46","214,683.67"
11-Dec-2020,Debit Card,"842,456.50",00.00,"1,057,140.17"
11-Dec-2020,Tax,"73,510.03",00.00,"1,130,650.20"
11-Dec-2020,Miscellaneous,"1,700,626.00",00.00,"2,831,276.20"
11-Dec-2020,Bill,00.00,"566,255.24","2,265,020.96"
11-Dec-2020,Cash,00.00,"226,502.10","2,038,518.86"
11-Dec-2020,Reversal,"3,579.30",00.00,"2,042,098.16"
11-Dec-2020,Interest,"161,031.62",00.00,"2,203,129.78"
11-Dec-2020,Bill,"140,044.10",00.00,"2,343,173.88"
11-Dec-2020,Debit Card,"54,278.00",00.00,"2,397,451.88"
11-Dec-2020,NEFT,00.00,"479,490.38","1,917,961.50"
11-Dec-2020,RTGS,"1,010,440.00",00.00,"2,928,401.50"
11-Dec-2020,Purchase,00.00,"366,050.19","2,562,351.31"
11-Dec-2020,Miscellaneous,00.00,"366,050.19","2,196,301.12"
11-Dec-2020,Commission,00.00,"274,537.64","1,921,763.48"
11-Dec-2020,IMPS,00.00,"320,293.91","1,601,469.57"
11-Dec-2020,Cheque,"1,190,182.80",00.00,"2,791,652.37"
11-Dec-2020,Miscellaneous,"1,242.00",00.00,"2,792,894.37"
12-Dec-2020,Bill,00.00,"279,289.44","2,513,604.93"
12-Dec-2020,Bill,00.00,"837,868.31","1,675,736.62"
12-Dec-2020,ATM,00.00,"1,675,736.62",00.00
12-Dec-2020,Debit Card,"19,685.50",00.00,"19,685.50"
12-Dec-2020,Tax,22.37,00.00,"19,707.87"
13-Dec-2020,RTGS,"4,852.64",00.00,"24,560.51"
13-Dec-2020,Cash,00.00,"3,070.06","21,490.45"
13-Dec-2020,Transfer,00.00,"3,581.74","17,908.71"
13-Dec-2020,Cash,00.00,"2,984.79","14,923.92"
13-Dec-2020,ATM,"454,260.00",00.00,"469,183.92"
13-Dec-2020,NEFT,00.00,"58,647.99","410,535.93"
13-Dec-2020,Transfer,03.02,00.00,"410,538.95"
13-Dec-2020,Reversal,"1,279.90",00.00,"411,818.85"
13-Dec-2020,Tax,00.00,"102,954.71","308,864.14"
13-Dec-2020,Commission,00.00,"308,864.14",00.00
13-Dec-2020,Transfer,"10,470.10",00.00,"10,470.10"
13-Dec-2020,Purchase,00.00,"10,470.10",00.00
13-Dec-2020,Cheque,"1,817,066.00",00.00,"1,817,066.00"
13-Dec-2020,IMPS,06.44,00.00,"1,817,072.44"
13-Dec-2020,Reversal,"177,761.00",00.00,"1,994,833.44"
13-Dec-2020,Commission,00.00,"997,416.72","997,416.72"
13-Dec-2020,IMPS,"240,661.00",00.00,"1,238,077.72"
13-Dec-2020,Bill,00.00,"123,807.77","1,114,269.95"
13-Dec-2020,Miscellaneous,"4,634.10",00.00,"1,118,904.05"
13-Dec-2020,IMPS,00.00,"186,484.01","932,420.04"
13-Dec-2020,Bill,00.00,"103,602.23","828,817.81"
13-Dec-2020,Purchase,00.00,"82,881.78","745,936.03"
13-Dec-2020,IMPS,00.00,"149,187.21","596,748.82"
13-Dec-2020,RTGS,00.00,"119,349.76","477,399.06"
13-Dec-2020,Purchase,00.00,"59,674.88","417,724.18"
13-Dec-2020,RTGS,00.00,"41,772.42","375,951.76"
13-Dec-2020,Commission,00.00,"75,190.35","300,761.41"
14-Dec-2020,Cheque,00.00,"50,126.90","250,634.51"
14-Dec-2020,Debit Card,00.00,"250,634.51",00.00
14-Dec-2020,Cheque,04.00,00.00,04.00
14-Dec-2020,Cheque,00.00,04.00,00.00
14-Dec-2020,Reversal,"970,551.00",00.00,"970,551.00"
14-Dec-2020,ATM,55.00,00.00,"970,606.00"
14-Dec-2020,IMPS,07.02,00.00,"970,613.02"
14-Dec-2020,Debit Card,00.00,"107,845.89","862,767.13"
15-Dec-2020,Bill,"19,211.90",00.00,"881,979.03"
15-Dec-2020,Purchase,00.00,"110,247.38","771,731.65"
15-Dec-2020,RTGS,00.00,"85,747.96","685,983.69"
15-Dec-2020,ATM,00.00,"85,747.96","600,235.73"
15-Dec-2020,NEFT,00.00,"150,058.93","450,176.80"
15-Dec-2020,Interest,654.00,00.00,"450,830.80"
16-Dec-2020,ATM,00.00,"56,353.85","394,476.95"
16-Dec-2020,Bill,00.00,"98,619.24","295,857.71"
16-Dec-2020,Reversal,"157,132.00",00.00,"452,989.71"
16-Dec-2020,Tax,00.00,"226,494.86","226,494.86"
16-Dec-2020,RTGS,00.00,"32,356.41","194,138.45"
16-Dec-2020,Miscellaneous,03.77,00.00,"194,142.22"
16-Dec-2020,IMPS,00.00,"32,357.04","161,785.18"
16-Dec-2020,Commission,"2,955.96",00.00,"164,741.14"
16-Dec-2020,Bill,00.00,"164,741.14",00.00
16-Dec-2020,Cheque,03.80,00.00,03.80
16-Dec-2020,Miscellaneous,"23,313.10",00.00,"23,316.90"
16-Dec-2020,Reversal,"41,623.00",00.00,"64,939.90"
16-Dec-2020,Cheque,00.00,"6,493.99","58,445.91"
16-Dec-2020,Miscellaneous,"24,863.20",00.00,"83,309.11"
16-Dec-2020,Reversal,07.00,00.00,"83,316.11"
16-Dec-2020,NEFT,00.00,"9,257.35","74,058.76"
16-Dec-2020,Cheque,10.00,00.00,"74,068.76"
16-Dec-2020,Commission,00.00,"10,581.25","63,487.51"
16-Dec-2020,Cash,"10,130.70",00.00,"73,618.21"
16-Dec-2020,Purchase,00.00,"12,269.70","61,348.51"
16-Dec-2020,Bill,00.00,"6,816.50","54,532.01"
16-Dec-2020,Miscellaneous,"3,582.00",00.00,"58,114.01"
16-Dec-2020,Reversal,03.00,00.00,"58,117.01"
16-Dec-2020,Debit Card,"103,641.00",00.00,"161,758.01"
16-Dec-2020,Purchase,20.00,00.00,"161,778.01"
16-Dec-2020,Cheque,58.10,00.00,"161,836.11"
16-Dec-2020,Reversal,02.00,00.00,"161,838.11"
16-Dec-2020,RTGS,272.01,00.00,"162,110.12"
16-Dec-2020,Purchase,00.00,"18,012.24","144,097.88"
16-Dec-2020,Miscellaneous,"609,702.00",00.00,"753,799.88"
16-Dec-2020,Commission,00.00,"251,266.63","502,533.25"
16-Dec-2020,Commission,00.00,"251,266.63","251,266.62"
16-Dec-2020,Debit Card,00.00,"35,895.23","215,371.39"
16-Dec-2020,Tax,"7,007.50",00.00,"222,378.89"
16-Dec-2020,IMPS,00.00,"27,797.36","194,581.53"
16-Dec-2020,Purchase,263.98,00.00,"194,845.51"
16-Dec-2020,Tax,00.00,"24,355.69","170,489.82"
17-Dec-2020,NEFT,00.00,"170,489.82",00.00
17-Dec-2020,Debit Card,"252,315.00",00.00,"252,315.00"
17-Dec-2020,Reversal,"388,037.00",00.00,"640,352.00"
17-Dec-2020,NEFT,210.00,00.00,"640,562.00"
17-Dec-2020,Cash,00.00,"64,056.20","576,505.80"
17-Dec-2020,Transfer,"20,755.00",00.00,"597,260.80"
17-Dec-2020,Cheque,00.00,"298,630.40","298,630.40"
17-Dec-2020,Miscellaneous,"81,975.00",00.00,"380,605.40"
17-Dec-2020,Purchase,"429,137.50",00.00,"809,742.90"
17-Dec-2020,Interest,"1,331,905.25",00.00,"2,141,648.15"
17-Dec-2020,NEFT,228.00,00.00,"2,141,876.15"
18-Dec-2020,Purchase,00.00,"237,986.24","1,903,889.91"
18-Dec-2020,Purchase,00.00,"237,986.24","1,665,903.67"
19-Dec-2020,NEFT,00.00,"1,665,903.67",00.00
19-Dec-2020,Purchase,"110,145.00",00.00,"110,145.00"
19-Dec-2020,Tax,00.00,"12,238.33","97,906.67"
19-Dec-2020,Cash,"3,741.00",00.00,"101,647.67"
19-Dec-2020,Bill,"3,459.20",00.00,"105,106.87"
19-Dec-2020,Transfer,00.00,"21,021.37","84,085.50"
19-Dec-2020,Commission,00.00,"9,342.83","74,742.67"
19-Dec-2020,RTGS,"16,629.50",00.00,"91,372.17"
19-Dec-2020,Reversal,00.00,"13,053.17","78,319.00"
19-Dec-2020,Tax,"1,746.50",00.00,"80,065.50"
19-Dec-2020,IMPS,00.00,"10,008.19","70,057.31"
19-Dec-2020,Cheque,"2,786.50",00.00,"72,843.81"
19-Dec-2020,Debit Card,00.00,"72,843.81",00.00
19-Dec-2020,RTGS,00.49,00.00,00.49
19-Dec-2020,IMPS,"13,609.90",00.00,"13,610.39"
19-Dec-2020,Reversal,02.00,00.00,"13,612.39"
19-Dec-2020,Commission,02.00,00.00,"13,614.39"
19-Dec-2020,Cash,00.00,"1,944.91","11,669.48"
19-Dec-2020,Interest,00.00,"1,296.61","10,372.87"
19-Dec-2020,Tax,00.00,"3,457.62","6,915.25"
19-Dec-2020,Miscellaneous,00.00,987.89,"5,927.36"
19-Dec-2020,NEFT,00.00,"1,975.79","3,951.57"
19-Dec-2020,IMPS,57.63,00.00,"4,009.20"
19-Dec-2020,Bill,00.00,"1,002.30","3,006.90"
19-Dec-2020,Debit Card,00.00,"3,006.90",00.00
19-Dec-2020,Transfer,"166,861.00",00.00,"166,861.00"
19-Dec-2020,Reversal,07.00,00.00,"166,868.00"
20-Dec-2020,Reversal,"2,299.83",00.00,"169,167.83"
20-Dec-2020,Commission,00.00,"28,194.64","140,973.19"
20-Dec-2020,NEFT,00.00,"35,243.30","105,729.89"
20-Dec-2020,Bill,00.00,"11,747.77","93,982.12"
20-Dec-2020,Miscellaneous,00.00,"18,796.42","75,185.70"
20-Dec-2020,RTGS,00.00,"15,037.14","60,148.56"
20-Dec-2020,Miscellaneous,"894,174.00",00.00,"954,322.56"
20-Dec-2020,Transfer,00.00,"318,107.52","636,215.04"
20-Dec-2020,Cash,07.09,00.00,"636,222.13"
20-Dec-2020,Interest,00.00,"90,888.88","545,333.25"
20-Dec-2020,Bill,00.00,"60,592.58","484,740.67"
20-Dec-2020,Miscellaneous,85.00,00.00,"484,825.67"
20-Dec-2020,ATM,03.08,00.00,"484,828.75"
20-Dec-2020,Cash,00.00,"242,414.38","242,414.38"
20-Dec-2020,Miscellaneous,09.00,00.00,"242,423.38"
20-Dec-2020,Bill,127.00,00.00,"242,550.38"
20-Dec-2020,NEFT,354.00,00.00,"242,904.38"
20-Dec-2020,Debit Card,00.00,"80,968.13","161,936.25"
20-Dec-2020,Purchase,00.00,"23,133.75","138,802.50"
20-Dec-2020,Purchase,00.00,"15,422.50","123,380.00"
20-Dec-2020,Cheque,"526,480.50",00.00,"649,860.50"
20-Dec-2020,Miscellaneous,00.00,"72,206.72","577,653.78"
20-Dec-2020,Transfer,00.00,"192,551.26","385,102.52"
20-Dec-2020,RTGS,"1,395,301.80",00.00,"1,780,404.32"
20-Dec-2020,Reversal,05.66,00.00,"1,780,409.98"
20-Dec-2020,Purchase,54.10,00.00,"1,780,464.08"
20-Dec-2020,Interest,00.00,"254,352.01","1,526,112.07"
20-Dec-2020,Tax,122.00,00.00,"1,526,234.07"
20-Dec-2020,RTGS,00.00,"305,246.81","1,220,987.26"
20-Dec-2020,ATM,00.00,"152,623.41","1,068,363.85"
20-Dec-2020,IMPS,19.24,00.00,"1,068,383.09"
20-Dec-2020,Bill,00.00,"213,676.62","854,706.47"
20-Dec-2020,Tax,"1,919,745.50",00.00,"2,774,451.97"
20-Dec-2020,Commission,01.96,00.00,"2,774,453.93"
20-Dec-2020,Cheque,"609,451.00",00.00,"3,383,904.93"
20-Dec-2020,Debit Card,00.00,"338,390.49","3,045,514.44"
20-Dec-2020,Bill,00.00,"609,102.89","2,436,411.55"
20-Dec-2020,Interest,24.20,00.00,"2,436,435.75"
20-Dec-2020,RTGS,"83,958.75",00.00,"2,520,394.50"
20-Dec-2020,NEFT,05.85,00.00,"2,520,400.35"
20-Dec-2020,RTGS,34.84,00.00,"2,520,435.19"
20-Dec-2020,Transfer,00.00,"504,087.04","2,016,348.15"
20-Dec-2020,Tax,00.00,"2,016,348.15",00.00
20-Dec-2020,Tax,"23,275.57",00.00,"23,275.57"
20-Dec-2020,Reversal,00.00,"7,758.52","15,517.05"
20-Dec-2020,ATM,01.80,00.00,"15,518.85"
21-Dec-2020,Cheque,"927,404.00",00.00,"942,922.85"
21-Dec-2020,Transfer,00.00,"942,922.85",00.00
21-Dec-2020,IMPS,"158,637.50",00.00,"158,637.50"
21-Dec-2020,RTGS,"176,119.66",00.00,"334,757.16"
21-Dec-2020,Commission,05.11,00.00,"334,762.27"
21-Dec-2020,RTGS,00.00,"47,823.18","286,939.09"
21-Dec-2020,Miscellaneous,00.00,"28,693.91","258,245.18"
21-Dec-2020,RTGS,00.00,"86,081.73","172,163.45"
21-Dec-2020,Debit Card,43.30,00.00,"172,206.75"
21-Dec-2020,Purchase,00.00,"172,206.75",00.00
21-Dec-2020,Bill,01.90,00.00,01.90
21-Dec-2020,Interest,242.00,00.00,243.90
21-Dec-2020,Cheque,109.50,00.00,353.40
21-Dec-2020,Transfer,00.00,176.70,176.70
21-Dec-2020,Interest,06.90,00.00,183.60
21-Dec-2020,Reversal,00.00,30.60,153.00
21-Dec-2020,Reversal,00.00,15.30,137.70
22-Dec-2020,Reversal,05.00,00.00,142.70
22-Dec-2020,Tax,00.00,142.70,00.00
22-Dec-2020,Bill,"1,250,185.20",00.00,"1,250,185.20"
22-Dec-2020,Cash,00.00,"1,250,185.20",00.00
22-Dec-2020,Interest,"24,487.00",00.00,"24,487.00"
22-Dec-2020,Cash,296.90,00.00,"24,783.90"
22-Dec-2020,Commission,"1,015,564.20",00.00,"1,040,348.10"
22-Dec-2020,Reversal,07.00,00.00,"1,040,355.10"
22-Dec-2020,NEFT,01.00,00.00,"1,040,356.10"
22-Dec-2020,Purchase,00.00,"148,622.30","891,733.80"
22-Dec-2020,ATM,"14,502.00",00.00,"906,235.80"
22-Dec-2020,Miscellaneous,00.00,"129,462.26","776,773.54"
22-Dec-2020,Interest,00.00,"258,924.51","517,849.03"
22-Dec-2020,IMPS,"31,921.66",00.00,"549,770.69"
22-Dec-2020,Miscellaneous,"24,775.79",00.00,"574,546.48"
22-Dec-2020,Interest,"2,062.06",00.00,"576,608.54"
22-Dec-2020,IMPS,00.00,"64,067.62","512,540.92"
22-Dec-2020,Cheque,00.00,"85,423.49","427,117.43"
22-Dec-2020,Reversal,"29,226.70",00.00,"456,344.13"
22-Dec-2020,Miscellaneous,"26,417.73",00.00,"482,761.86"
22-Dec-2020,Transfer,44.20,00.00,"482,806.06"
22-Dec-2020,NEFT,00.00,"241,403.03","241,403.03"
22-Dec-2020,NEFT,14.00,00.00,"241,417.03"
22-Dec-2020,RTGS,00.00,"24,141.70","217,275.33"
22-Dec-2020,Tax,00.00,"31,039.33","186,236.00"
22-Dec-2020,Bill,04.60,00.00,"186,240.60"
22-Dec-2020,Debit Card,"9,055.90",00.00,"195,296.50"
22-Dec-2020,Transfer,00.00,"27,899.50","167,397.00"
22-Dec-2020,Transfer,"966,408.80",00.00,"1,133,805.80"
22-Dec-2020,Cheque,00.00,"226,761.16","907,044.64"
22-Dec-2020,Miscellaneous,00.00,"907,044.64",00.00
22-Dec-2020,IMPS,01.80,00.00,01.80
22-Dec-2020,RTGS,"10,168.00",00.00,"10,169.80"
22-Dec-2020,Interest,"161,078.00",00.00,"171,247.80"
22-Dec-2020,Reversal,00.00,"42,811.95","128,435.85"
22-Dec-2020,Cheque,00.00,"32,108.96","96,326.89"
22-Dec-2020,NEFT,"234,958.75",00.00,"331,285.64"
22-Dec-2020,Miscellaneous,00.00,"55,214.27","276,071.37"
22-Dec-2020,RTGS,00.00,"46,011.90","230,059.48"
22-Dec-2020,Reversal,00.00,"28,757.44","201,302.04"
22-Dec-2020,Commission,00.00,"100,651.02","100,651.02"
22-Dec-2020,ATM,00.00,"10,065.10","90,585.92"
22-Dec-2020,Cheque,00.00,"30,195.31","60,390.61"
22-Dec-2020,Debit Card,"15,664.27",00.00,"76,054.88"
22-Dec-2020,Reversal,00.00,"15,210.98","60,843.90"
22-Dec-2020,IMPS,00.00,"30,421.95","30,421.95"
22-Dec-2020,RTGS,"894,602.00",00.00,"925,023.95"
22-Dec-2020,Tax,00.00,"115,627.99","809,395.96"
22-Dec-2020,IMPS,"142,101.00",00.00,"951,496.96"
22-Dec-2020,Cheque,00.00,"95,149.70","856,347.26"
22-Dec-2020,Debit Card,"609,005.25",00.00,"1,465,352.51"
22-Dec-2020,Tax,"3,655.10",00.00,"1,469,007.61"
22-Dec-2020,Interest,00.00,"209,858.23","1,259,149.38"
22-Dec-2020,Commission,"144,307.06",00.00,"1,403,456.44"
22-Dec-2020,Miscellaneous,280.90,00.00,"1,403,737.34"
22-Dec-2020,Commission,00.00,"200,533.91","1,203,203.43"
22-Dec-2020,Interest,"62,005.70",00.00,"1,265,209.13"
22-Dec-2020,Tax,"1,008,756.00",00.00,"2,273,965.13"
22-Dec-2020,Bill,00.00,00.00,"2,273,965.13"
22-Dec-2020,NEFT,00.00,"378,994.19","1,894,970.94"
22-Dec-2020,Cash,00.00,"210,552.33","1,684,418.61"
22-Dec-2020,IMPS,00.00,"168,441.86","1,515,976.75"
22-Dec-2020,Debit Card,00.00,00.00,"1,515,976.75"
22-Dec-2020,Purchase,00.00,"151,597.68","1,364,379.08"
22-Dec-2020,Cheque,"5,428.80",00.00,"1,369,807.88"
22-Dec-2020,RTGS,"120,481.20",00.00,"1,490,289.08"
22-Dec-2020,IMPS,00.00,"745,144.54","745,144.54"
22-Dec-2020,Tax,00.00,"82,793.84","662,350.70"
22-Dec-2020,RTGS,"24,999.60",00.00,"687,350.30"
22-Dec-2020,Debit Card,267.38,00.00,"687,617.68"
22-Dec-2020,Cash,00.00,"171,904.42","515,713.26"
22-Dec-2020,ATM,00.00,"57,301.47","458,411.79"
23-Dec-2020,Purchase,00.00,"76,401.97","382,009.82"
23-Dec-2020,IMPS,00.00,"191,004.91","191,004.91"
23-Dec-2020,IMPS,00.00,"23,875.61","167,129.30"
23-Dec-2020,Debit Card,19.70,00.00,"167,149.00"
23-Dec-2020,Commission,00.00,"83,574.50","83,574.50"
23-Dec-2020,Purchase,"177,443.00",00.00,"261,017.50"
23-Dec-2020,Purchase,00.00,"26,101.75","234,915.75"
23-Dec-2020,Tax,"9,172.80",00.00,"244,088.55"
23-Dec-2020,Interest,"25,391.00",00.00,"269,479.55"
23-Dec-2020,ATM,"3,928.85",00.00,"273,408.40"
23-Dec-2020,Transfer,"2,010,245.20",00.00,"2,283,653.60"
23-Dec-2020,Reversal,00.00,"326,236.23","1,957,417.37"
23-Dec-2020,Purchase,00.00,"978,708.69","978,708.68"
23-Dec-2020,NEFT,00.00,"97,870.87","880,837.81"
23-Dec-2020,IMPS,00.00,"88,083.78","792,754.03"
23-Dec-2020,Miscellaneous,393.00,00.00,"793,147.03"
23-Dec-2020,Cash,308.92,00.00,"793,455.95"
23-Dec-2020,Purchase,00.00,"113,350.85","680,105.10"
23-Dec-2020,Reversal,26.56,00.00,"680,131.66"
23-Dec-2020,Bill,07.60,00.00,"680,139.26"
24-Dec-2020,Cheque,00.60,00.00,"680,139.86"
24-Dec-2020,NEFT,00.00,"340,069.93","340,069.93"
24-Dec-2020,ATM,00.00,"85,017.48","255,052.45"
24-Dec-2020,Cheque,"2,011,808.00",00.00,"2,266,860.45"
24-Dec-2020,RTGS,00.00,"226,686.05","2,040,174.41"
24-Dec-2020,Interest,00.00,"510,043.60","1,530,130.81"
24-Dec-2020,Commission,06.70,00.00,"1,530,137.51"
24-Dec-2020,Debit Card,00.00,"255,022.92","1,275,114.59"
24-Dec-2020,Cheque,00.00,"255,022.92","1,020,091.67"
24-Dec-2020,Bill,00.00,"102,009.17","918,082.50"
24-Dec-2020,RTGS,35.00,00.00,"918,117.50"
24-Dec-2020,Interest,00.00,"114,764.69","803,352.81"
24-Dec-2020,IMPS,00.00,"803,352.81",00.00
24-Dec-2020,Bill,00.17,00.00,00.17
24-Dec-2020,Commission,119.00,00.00,119.17
24-Dec-2020,Purchase,00.00,13.24,105.93
24-Dec-2020,IMPS,00.00,52.97,52.96
24-Dec-2020,Commission,00.00,26.48,26.48
24-Dec-2020,Commission,00.00,08.83,17.65
24-Dec-2020,Purchase,"1,541.00",00.00,"1,558.65"
24-Dec-2020,IMPS,"10,651.37",00.00,"12,210.02"
24-Dec-2020,NEFT,00.00,"3,052.51","9,157.52"
24-Dec-2020,ATM,00.00,"1,017.50","8,140.02"
24-Dec-2020,NEFT,00.00,904.45,"7,235.57"
24-Dec-2020,Debit Card,00.00,"3,617.79","3,617.78"
24-Dec-2020,RTGS,00.00,361.78,"3,256.00"
24-Dec-2020,ATM,00.00,"1,628.00","1,628.00"
24-Dec-2020,RTGS,767.80,00.00,"2,395.80"
25-Dec-2020,Cash,00.00,479.16,"1,916.64"
25-Dec-2020,Miscellaneous,00.00,191.66,"1,724.98"
25-Dec-2020,Tax,"522,947.00",00.00,"524,671.98"
25-Dec-2020,Commission,"857,773.00",00.00,"1,382,444.98"
25-Dec-2020,Interest,00.00,"138,244.50","1,244,200.48"
25-Dec-2020,Purchase,00.00,"155,525.06","1,088,675.42"
26-Dec-2020,Reversal,00.00,"155,525.06","933,150.36"
26-Dec-2020,Reversal,"1,833,848.00",00.00,"2,766,998.36"
26-Dec-2020,RTGS,00.00,"553,399.67","2,213,598.69"
26-Dec-2020,ATM,00.00,"245,955.41","1,967,643.28"
26-Dec-2020,Miscellaneous,73.62,00.00,"1,967,716.90"
26-Dec-2020,Cheque,00.00,"196,771.69","1,770,945.21"
26-Dec-2020,Commission,07.00,00.00,"1,770,952.21"
26-Dec-2020,ATM,467.97,00.00,"1,771,420.18"
26-Dec-2020,NEFT,07.90,00.00,"1,771,428.08"
26-Dec-2020,Cheque,00.00,"442,857.02","1,328,571.06"
27-Dec-2020,Commission,235.30,00.00,"1,328,806.36"
28-Dec-2020,Commission,00.00,"332,201.59","996,604.77"
28-Dec-2020,Debit Card,"147,057.91",00.00,"1,143,662.68"
28-Dec-2020,ATM,00.00,"114,366.27","1,029,296.41"
28-Dec-2020,ATM,17.00,00.00,"1,029,313.41"
28-Dec-2020,Commission,"2,019.00",00.00,"1,031,332.41"
28-Dec-2020,Cheque,"1,700,946.20",00.00,"2,732,278.61"
28-Dec-2020,Miscellaneous,00.00,"341,534.83","2,390,743.78"
28-Dec-2020,Reversal,00.00,"239,074.38","2,151,669.40"
28-Dec-2020,Reversal,422.50,00.00,"2,152,091.90"
28-Dec-2020,Purchase,00.00,"269,011.49","1,883,080.41"
28-Dec-2020,RTGS,"43,129.90",00.00,"1,926,210.31"
28-Dec-2020,ATM,00.00,"481,552.58","1,444,657.73"
28-Dec-2020,Cheque,"142,164.10",00.00,"1,586,821.83"
28-Dec-2020,NEFT,00.00,"1,586,821.83",00.00
28-Dec-2020,IMPS,04.96,00.00,04.96
29-Dec-2020,Purchase,00.00,00.71,04.25
29-Dec-2020,Bill,"84,091.50",00.00,"84,095.75"
29-Dec-2020,Interest,"68,299.00",00.00,"152,394.75"
29-Dec-2020,Bill,"189,776.60",00.00,"342,171.35"
29-Dec-2020,Transfer,00.00,"342,171.35",00.00
29-Dec-2020,Miscellaneous,"1,711.00",00.00,"1,711.00"
29-Dec-2020,Miscellaneous,00.00,213.88,"1,497.12"
29-Dec-2020,Purchase,"128,394.00",00.00,"129,891.12"
29-Dec-2020,Interest,00.00,"32,472.78","97,418.34"
29-Dec-2020,Bill,"32,028.00",00.00,"129,446.34"
29-Dec-2020,Bill,"214,000.20",00.00,"343,446.54"
29-Dec-2020,IMPS,00.00,"38,160.73","305,285.81"
29-Dec-2020,Cash,00.00,"30,528.58","274,757.23"
29-Dec-2020,Purchase,00.00,"34,344.65","240,412.58"
30-Dec-2020,Tax,"100,480.50",00.00,"340,893.08"
30-Dec-2020,Cheque,"10,659.09",00.00,"351,552.17"
30-Dec-2020,Interest,00.00,"70,310.43","281,241.74"
30-Dec-2020,Tax,00.00,"31,249.08","249,992.66"
30-Dec-2020,Debit Card,28.00,00.00,"250,020.66"
30-Dec-2020,Commission,765.72,00.00,"250,786.38"
30-Dec-2020,ATM,00.00,"35,826.63","214,959.75"
30-Dec-2020,IMPS,00.00,"53,739.94","161,219.81"
30-Dec-2020,Debit Card,00.00,"26,869.97","134,349.84"
30-Dec-2020,Bill,"9,646.94",00.00,"143,996.78"
30-Dec-2020,Debit Card,00.00,"35,999.20","107,997.58"
30-Dec-2020,Commission,"401,341.50",00.00,"509,339.08"
30-Dec-2020,Interest,00.00,"127,334.77","382,004.31"
30-Dec-2020,Cash,00.00,"76,400.86","305,603.45"
30-Dec-2020,Purchase,00.00,"76,400.86","229,202.59"
30-Dec-2020,Miscellaneous,02.44,00.00,"229,205.03"
30-Dec-2020,ATM,00.00,"114,602.52","114,602.52"
30-Dec-2020,ATM,"26,709.00",00.00,"141,311.52"
30-Dec-2020,Purchase,00.00,"17,663.94","123,647.58"
30-Dec-2020,IMPS,00.00,"17,663.94","105,983.64"
30-Dec-2020,Reversal,"52,030.40",00.00,"158,014.04"
30-Dec-2020,Tax,"2,643.18",00.00,"160,657.22"
30-Dec-2020,Commission,00.00,"40,164.31","120,492.92"
30-Dec-2020,NEFT,158.20,00.00,"120,651.12"
30-Dec-2020,ATM,02.83,00.00,"120,653.95"
30-Dec-2020,Miscellaneous,35.54,00.00,"120,689.49"
30-Dec-2020,Cheque,00.00,"20,114.92","100,574.58"
30-Dec-2020,Commission,00.00,"25,143.65","75,430.94"
30-Dec-2020,RTGS,38.60,00.00,"75,469.54"
30-Dec-2020,Bill,00.00,"37,734.77","37,734.77"
30-Dec-2020,Tax,00.00,"12,578.26","25,156.51"
30-Dec-2020,Purchase,08.00,00.00,"25,164.51"
30-Dec-2020,Cash,"127,700.00",00.00,"152,864.51"
30-Dec-2020,RTGS,00.00,"30,572.90","122,291.61"
30-Dec-2020,Transfer,"238,579.20",00.00,"360,870.81"
30-Dec-2020,Transfer,00.00,"90,217.70","270,653.11"
30-Dec-2020,Purchase,00.00,"38,664.73","231,988.38"
30-Dec-2020,Debit Card,28.34,00.00,"232,016.72"
30-Dec-2020,Transfer,06.22,00.00,"232,022.94"
30-Dec-2020,Debit Card,00.00,"46,404.59","185,618.35"
30-Dec-2020,Tax,00.00,"61,872.78","123,745.57"
30-Dec-2020,Cash,00.00,"17,677.94","106,067.63"
30-Dec-2020,Interest,"1,556.10",00.00,"107,623.73"
30-Dec-2020,Reversal,00.00,"53,811.87","53,811.86"
30-Dec-2020,RTGS,00.00,"8,968.64","44,843.22"
30-Dec-2020,Tax,"11,710.00",00.00,"56,553.22"
30-Dec-2020,Miscellaneous,00.00,"56,553.22",00.00
30-Dec-2020,Interest,133.70,00.00,133.70
30-Dec-2020,Reversal,"13,564.00",00.00,"13,697.70"
30-Dec-2020,Interest,04.00,00.00,"13,701.70"
30-Dec-2020,Debit Card,317.20,00.00,"14,018.90"
30-Dec-2020,Reversal,00.00,"2,002.70","12,016.20"
30-Dec-2020,Commission,"26,646.18",00.00,"38,662.38"
30-Dec-2020,Miscellaneous,"241,990.62",00.00,"280,653.00"
30-Dec-2020,Commission,"129,651.10",00.00,"410,304.10"
30-Dec-2020,ATM,20.00,00.00,"410,324.10"
30-Dec-2020,NEFT,"60,506.00",00.00,"470,830.10"
30-Dec-2020,Commission,00.00,"52,314.46","418,515.64"
30-Dec-2020,ATM,37.00,00.00,"418,552.64"
30-Dec-2020,RTGS,"2,626.88",00.00,"421,179.52"
30-Dec-2020,IMPS,130.20,00.00,"421,309.72"
30-Dec-2020,Bill,"14,189.67",00.00,"435,499.39"
30-Dec-2020,IMPS,"146,635.84",00.00,"582,135.23"
30-Dec-2020,Commission,"28,449.95",00.00,"610,585.18"
30-Dec-2020,ATM,00.40,00.00,"610,585.58"
30-Dec-2020,Miscellaneous,"112,335.00",00.00,"722,920.58"
30-Dec-2020,ATM,00.00,"144,584.12","578,336.46"
30-Dec-2020,Cash,00.00,"115,667.29","462,669.17"
30-Dec-2020,Debit Card,"28,137.40",00.00,"490,806.57"
31-Dec-2020,Miscellaneous,00.00,"98,161.31","392,645.26"
31-Dec-2020,IMPS,00.00,"196,322.63","196,322.63"
31-Dec-2020,Miscellaneous,00.00,"32,720.44","163,602.19"
31-Dec-2020,RTGS,00.00,"27,267.03","136,335.16"
31-Dec-2020,Miscellaneous,00.00,"22,722.53","113,612.63"
31-Dec-2020,Purchase,00.00,"16,230.38","97,382.25"
31-Dec-2020,Commission,00.00,"16,230.38","81,151.88"
31-Dec-2020,Bill,"29,106.00",00.00,"110,257.88"
31-Dec-2020,Debit Card,"2,897.00",00.00,"113,154.88"
31-Dec-2020,Cheque,01.80,00.00,"113,156.68"
31-Dec-2020,ATM,00.00,"22,631.34","90,525.34"
31-Dec-2020,Transfer,00.00,"18,105.07","72,420.27"
01-Jan-2021,Commission,00.00,"14,484.05","57,936.22"
01-Jan-2021,Debit Card,01.00,00.00,"57,937.22"
01-Jan-2021,Miscellaneous,40.66,00.00,"57,977.88"
01-Jan-2021,ATM,"224,036.00",00.00,"282,013.88"
01-Jan-2021,Miscellaneous,157.40,00.00,"282,171.28"
01-Jan-2021,Interest,00.00,"94,057.09","188,114.19"
01-Jan-2021,Purchase,00.00,"18,811.42","169,302.77"
01-Jan-2021,Transfer,00.00,"84,651.39","84,651.38"
01-Jan-2021,Commission,00.00,"84,651.38",00.00
01-Jan-2021,Reversal,"88,568.00",00.00,"88,568.00"
01-Jan-2021,IMPS,"188,451.00",00.00,"277,019.00"
01-Jan-2021,Reversal,04.00,00.00,"277,023.00"
01-Jan-2021,ATM,04.20,00.00,"277,027.20"
01-Jan-2021,Debit Card,"177,486.84",00.00,"454,514.04"
01-Jan-2021,ATM,"1,470,676.50",00.00,"1,925,190.54"
01-Jan-2021,Reversal,00.00,"213,910.06","1,711,280.48"
01-Jan-2021,NEFT,00.00,"1,711,280.48",00.00
01-Jan-2021,Debit Card,451.00,00.00,451.00
01-Jan-2021,Commission,688.70,00.00,"1,139.70"
01-Jan-2021,Bill,00.00,126.63,"1,013.07"
01-Jan-2021,Miscellaneous,00.00,112.56,900.51
01-Jan-2021,Cheque,00.00,180.10,720.41
01-Jan-2021,RTGS,"974,634.00",00.00,"975,354.41"
01-Jan-2021,NEFT,00.00,"487,677.21","487,677.20"
01-Jan-2021,Cheque,00.00,"60,959.65","426,717.55"
02-Jan-2021,IMPS,05.55,00.00,"426,723.10"
02-Jan-2021,Cash,727.09,00.00,"427,450.19"
02-Jan-2021,Commission,00.00,"142,483.40","284,966.79"
03-Jan-2021,Purchase,"59,238.00",00.00,"344,204.79"
03-Jan-2021,Interest,"2,110.00",00.00,"346,314.79"
03-Jan-2021,Debit Card,"12,656.01",00.00,"358,970.80"
03-Jan-2021,IMPS,00.00,"179,485.40","179,485.40"
03-Jan-2021,Debit Card,00.00,"35,897.08","143,588.32"
03-Jan-2021,ATM,"1,377,622.00",00.00,"1,521,210.32"
03-Jan-2021,IMPS,00.00,"304,242.06","1,216,968.26"
03-Jan-2021,Miscellaneous,00.00,"1,216,968.26",00.00
03-Jan-2021,Bill,"1,149,413.00",00.00,"1,149,413.00"
03-Jan-2021,Cash,00.00,"383,137.67","766,275.33"
03-Jan-2021,Transfer,52.56,00.00,"766,327.89"
03-Jan-2021,Cheque,00.00,"95,790.99","670,536.90"
03-Jan-2021,Interest,"249,846.00",00.00,"920,382.90"
03-Jan-2021,Reversal,00.00,"153,397.15","766,985.75"
03-Jan-2021,ATM,00.00,"255,661.92","511,323.83"
03-Jan-2021,Miscellaneous,"39,100.20",00.00,"550,424.03"
03-Jan-2021,Transfer,00.00,"275,212.02","275,212.02"
03-Jan-2021,Reversal,00.00,"68,803.01","206,409.02"
03-Jan-2021,IMPS,00.00,"51,602.26","154,806.76"
04-Jan-2021,Transfer,04.37,00.00,"154,811.13"
04-Jan-2021,NEFT,"173,094.00",00.00,"327,905.13"
04-Jan-2021,Purchase,00.00,"32,790.51","295,114.62"
04-Jan-2021,Reversal,00.00,"36,889.33","258,225.29"
05-Jan-2021,Interest,"15,814.11",00.00,"274,039.40"
05-Jan-2021,Reversal,00.00,"45,673.23","228,366.17"
05-Jan-2021,Reversal,00.00,"45,673.23","182,692.94"
05-Jan-2021,Purchase,"1,894,786.00",00.00,"2,077,478.94"
05-Jan-2021,Reversal,00.00,"2,077,478.94",00.00
05-Jan-2021,Purchase,"1,084.40",00.00,"1,084.40"
05-Jan-2021,Interest,149.00,00.00,"1,233.40"
05-Jan-2021,NEFT,24.10,00.00,"1,257.50"
05-Jan-2021,Reversal,21.40,00.00,"1,278.90"
05-Jan-2021,Purchase,"21,748.11",00.00,"23,027.01"
05-Jan-2021,Tax,"23,534.40",00.00,"46,561.41"
05-Jan-2021,NEFT,"134,155.06",00.00,"180,716.47"
05-Jan-2021,Purchase,00.00,"90,358.24","90,358.24"
05-Jan-2021,RTGS,00.00,"30,119.41","60,238.83"
05-Jan-2021,ATM,158.00,00.00,"60,396.83"
05-Jan-2021,Interest,06.64,00.00,"60,403.47"
05-Jan-2021,Tax,00.00,"20,134.49","40,268.98"
06-Jan-2021,Bill,00.00,"10,067.25","30,201.74"
06-Jan-2021,Purchase,00.00,"6,040.35","24,161.39"
06-Jan-2021,Cash,00.00,"4,026.90","20,134.49"
06-Jan-2021,NEFT,"258,195.00",00.00,"278,329.49"
06-Jan-2021,IMPS,"83,729.00",00.00,"362,058.49"
06-Jan-2021,Miscellaneous,00.00,"36,205.85","325,852.64"
06-Jan-2021,Commission,00.00,"162,926.32","162,926.32"
06-Jan-2021,ATM,00.00,"18,102.92","144,823.40"
06-Jan-2021,Miscellaneous,00.00,"144,823.40",00.00
06-Jan-2021,ATM,02.00,00.00,02.00
06-Jan-2021,Debit Card,"2,620.76",00.00,"2,622.76"
06-Jan-2021,Purchase,63.00,00.00,"2,685.76"
06-Jan-2021,Bill,"505,598.00",00.00,"508,283.76"
06-Jan-2021,ATM,00.00,"127,070.94","381,212.82"
06-Jan-2021,IMPS,"121,308.00",00.00,"502,520.82"
06-Jan-2021,IMPS,24.00,00.00,"502,544.82"
06-Jan-2021,Bill,00.00,"167,514.94","335,029.88"
06-Jan-2021,RTGS,00.00,"33,502.99","301,526.89"
06-Jan-2021,Reversal,00.00,"43,075.27","258,451.62"
06-Jan-2021,Miscellaneous,06.10,00.00,"258,457.72"
06-Jan-2021,Transfer,638.00,00.00,"259,095.72"
06-Jan-2021,Bill,"132,223.80",00.00,"391,319.52"
06-Jan-2021,NEFT,"740,470.00",00.00,"1,131,789.52"
06-Jan-2021,RTGS,"1,923,397.00",00.00,"3,055,186.52"
06-Jan-2021,Miscellaneous,"3,155.00",00.00,"3,058,341.52"
06-Jan-2021,Bill,00.00,"509,723.59","2,548,617.93"
06-Jan-2021,IMPS,00.00,"364,088.28","2,184,529.65"
06-Jan-2021,RTGS,00.00,"728,176.55","1,456,353.10"
06-Jan-2021,Purchase,"1,009,514.00",00.00,"2,465,867.10"
06-Jan-2021,Interest,05.70,00.00,"2,465,872.80"
06-Jan-2021,Miscellaneous,04.10,00.00,"2,465,876.90"
06-Jan-2021,NEFT,00.00,"2,465,876.90",00.00
06-Jan-2021,Tax,38.00,00.00,38.00
06-Jan-2021,Reversal,"128,383.09",00.00,"128,421.09"
06-Jan-2021,Cash,00.00,"12,842.11","115,578.98"
06-Jan-2021,Cash,00.00,"23,115.80","92,463.18"
06-Jan-2021,Cash,"1,857,888.00",00.00,"1,950,351.18"
06-Jan-2021,Interest,02.17,00.00,"1,950,353.35"
06-Jan-2021,Miscellaneous,00.00,"195,035.34","1,755,318.02"
06-Jan-2021,Cash,00.00,"292,553.00","1,462,765.02"
06-Jan-2021,Purchase,00.00,"1,462,765.02",00.00
06-Jan-2021,Miscellaneous,"64,727.84",00.00,"64,727.84"
06-Jan-2021,ATM,16.00,00.00,"64,743.84"
06-Jan-2021,Cheque,00.00,"7,193.76","57,550.08"
06-Jan-2021,Cheque,"75,323.00",00.00,"132,873.08"
06-Jan-2021,Reversal,00.00,"13,287.31","119,585.77"
06-Jan-2021,Miscellaneous,00.00,"13,287.31","106,298.46"
06-Jan-2021,Cheque,161.00,00.00,"106,459.46"
06-Jan-2021,Interest,355.16,00.00,"106,814.62"
06-Jan-2021,Interest,"2,778.00",00.00,"109,592.62"
06-Jan-2021,NEFT,00.00,"27,398.16","82,194.46"
06-Jan-2021,NEFT,00.00,"41,097.23","41,097.23"
06-Jan-2021,IMPS,00.00,"4,566.36","36,530.87"
06-Jan-2021,Bill,"39,923.00",00.00,"76,453.87"
06-Jan-2021,Debit Card,00.00,"9,556.73","66,897.14"
06-Jan-2021,RTGS,47.00,00.00,"66,944.14"
06-Jan-2021,Purchase,00.00,"22,314.71","44,629.43"
06-Jan-2021,IMPS,06.90,00.00,"44,636.33"
06-Jan-2021,Debit Card,00.00,"8,927.27","35,709.06"
06-Jan-2021,Reversal,00.00,"17,854.53","17,854.53"
06-Jan-2021,Debit Card,89.03,00.00,"17,943.56"
06-Jan-2021,Tax,05.00,00.00,"17,948.56"
06-Jan-2021,Tax,00.00,"5,982.85","11,965.71"
06-Jan-2021,IMPS,00.00,"3,988.57","7,977.14"
06-Jan-2021,Bill,00.00,797.71,"7,179.43"
06-Jan-2021,Debit Card,07.05,00.00,"7,186.48"
06-Jan-2021,Commission,05.90,00.00,"7,192.38"
06-Jan-2021,Debit Card,00.00,719.24,"6,473.14"
06-Jan-2021,Tax,00.00,"1,294.63","5,178.51"
06-Jan-2021,Debit Card,00.00,"1,294.63","3,883.88"
06-Jan-2021,ATM,04.00,00.00,"3,887.88"
06-Jan-2021,IMPS,00.00,485.99,"3,401.90"
06-Jan-2021,Interest,00.00,377.99,"3,023.91"
06-Jan-2021,Commission,299.36,00.00,"3,323.27"
06-Jan-2021,Cash,00.00,332.33,"2,990.94"
06-Jan-2021,RTGS,07.83,00.00,"2,998.77"
06-Jan-2021,RTGS,00.00,299.88,"2,698.89"
06-Jan-2021,NEFT,00.00,674.72,"2,024.17"
06-Jan-2021,Purchase,00.00,289.17,"1,735.00"
06-Jan-2021,Tax,"118,863.00",00.00,"120,598.00"
06-Jan-2021,Cheque,"1,233,497.00",00.00,"1,354,095.00"
06-Jan-2021,NEFT,194.13,00.00,"1,354,289.13"
06-Jan-2021,IMPS,00.00,"150,476.57","1,203,812.56"
06-Jan-2021,Bill,463.60,00.00,"1,204,276.16"
06-Jan-2021,ATM,00.00,"133,808.46","1,070,467.70"
06-Jan-2021,Purchase,00.00,"267,616.93","802,850.77"
06-Jan-2021,Bill,"45,156.69",00.00,"848,007.46"
06-Jan-2021,Bill,"144,014.66",00.00,"992,022.12"
06-Jan-2021,Transfer,00.00,"99,202.21","892,819.91"
06-Jan-2021,Purchase,00.00,"297,606.64","595,213.27"
06-Jan-2021,IMPS,00.00,"85,030.47","510,182.80"
06-Jan-2021,RTGS,00.00,"85,030.47","425,152.33"
06-Jan-2021,Miscellaneous,00.00,"70,858.72","354,293.61"
06-Jan-2021,Interest,00.00,"44,286.70","310,006.91"
07-Jan-2021,Interest,00.00,"34,445.21","275,561.70"
07-Jan-2021,Tax,365.00,00.00,"275,926.70"
07-Jan-2021,Cheque,"19,753.00",00.00,"295,679.70"
07-Jan-2021,Debit Card,00.00,"295,679.70",00.00
07-Jan-2021,IMPS,347.00,00.00,347.00
07-Jan-2021,NEFT,00.00,173.50,173.50
07-Jan-2021,Reversal,40.00,00.00,213.50
07-Jan-2021,Reversal,00.00,26.69,186.81
07-Jan-2021,Purchase,00.00,31.14,155.68
07-Jan-2021,Commission,19.80,00.00,175.48
07-Jan-2021,ATM,69.41,00.00,244.89
07-Jan-2021,Bill,19.68,00.00,264.57
07-Jan-2021,Cash,00.00,52.91,211.66
07-Jan-2021,Cash,00.00,211.66,00.00
07-Jan-2021,Cash,22.00,00.00,22.00
07-Jan-2021,Debit Card,"14,845.00",00.00,"14,867.00"
07-Jan-2021,Interest,00.00,"2,123.86","12,743.14"
07-Jan-2021,Transfer,"11,520.00",00.00,"24,263.14"
07-Jan-2021,Cash,365.60,00.00,"24,628.74"
07-Jan-2021,Reversal,06.43,00.00,"24,635.17"
07-Jan-2021,Transfer,"1,975,010.50",00.00,"1,999,645.67"
07-Jan-2021,Tax,00.00,"222,182.85","1,777,462.82"
07-Jan-2021,Cash,00.00,"177,746.28","1,599,716.54"
07-Jan-2021,ATM,02.00,00.00,"1,599,718.54"
07-Jan-2021,Cash,00.00,"266,619.76","1,333,098.78"
07-Jan-2021,Purchase,00.00,"1,333,098.78",00.00
07-Jan-2021,Debit Card,309.28,00.00,309.28
07-Jan-2021,Cheque,41.00,00.00,350.28
07-Jan-2021,Commission,"360,888.50",00.00,"361,238.78"
07-Jan-2021,Miscellaneous,00.00,"72,247.76","288,991.02"
07-Jan-2021,Interest,07.00,00.00,"288,998.02"
07-Jan-2021,Tax,"3,935.00",00.00,"292,933.02"
07-Jan-2021,Reversal,00.00,"29,293.30","263,639.72"
07-Jan-2021,Debit Card,267.00,00.00,"263,906.72"
07-Jan-2021,Miscellaneous,"1,778,973.00",00.00,"2,042,879.72"
07-Jan-2021,Bill,00.00,"1,021,439.86","1,021,439.86"
07-Jan-2021,Interest,"17,212.20",00.00,"1,038,652.06"
07-Jan-2021,RTGS,00.00,"103,865.21","934,786.85"
07-Jan-2021,Tax,00.00,"311,595.62","623,191.23"
